2256 4134
210 193 588 259 HISTORIARVM
609 193 686 272 vn,
706 196 734 257 8.
746 209 781 278 9.·
894 198 952 262 1⁵5

42 392 60 429 τ
62 360 161 462 ἧςίπ
178 359 315 432 Ἰταλίαν
332 357 422 436 ὅθοιῖ,
442 356 498 428 οὖν
518 360 553 425 εἰι
573 361 736 464 προνοίας,
757 353 858 466 οῖςπερ
877 361 949 432 εἶσί-

42 457 107 522 θει,
139 443 201 512 αλλ’
231 448 265 521 ἐξ
276 441 479 546 αὐτοσχεδίου
499 445 590 510 καῖ’
572 467 750 551 επειμουοης
766 443 945 556 ιῖπηρεοίας,

40 558 77 594 τα
70 525 230 635 χρειοίθη
244 527 291 630 τῷ
307 553 431 628 οτρατῳ
417 524 649 632 ἠθροίζετο.
663 525 815 606 εθοξεν’
778 555 833 600 ουν
849 531 945 616 αιῖτηῖ,

39 615 224 718 προπέμψαι
250 608 309 686 τιῖς
338 611 403 676 τοῖν
429 619 579 682 Παιονων
606 607 798 724 φοῖλαργας·
821 617 945 692 ἐκείνοις

37 723 95 796 μαρ
130 705 264 779 μαλιστα
298 697 469 770 ἐπίστευεν,
508 701 593 780 οἵπερ
621 720 719 762 αυτον
745 698 798 763 καί
796 700 944 799 προῖτοι

36 779 159 846 α’νεῖπον
162 778 328 880 βασιλεά,
364 779 526 844 ἐθελονταί
549 801 583 842 τε
602 775 700 884 τῖπίρ
711 776 811 847 αυτοιῖ
836 789 943 849 κινθυ-

36 859 133 928 νεύειν
151 859 366 965 υπιοχνοεῖντο.
406 854 617 929 ε’κελευσεν’
580 886 634 928 ουν
659 857 782 942 αὐτοῖς,
817 862 943 946 φθιίοαι

35 974 92 1026 την
111 943 223 1024 λοιπῆτ
242 941 390 1026 δύναμιν,
428 940 541 1010 καί
500 970 539 1010 τα
560 946 604 1009 ἓν
609 941 723 1029 ίταλίᾳ
744 950 842 1033 χωρία
860 975 942 1034 προ·

33 1032 227 1098 καταλαβεῖν.

115 1115 174 1174 IX
215 1115 280 1178 Καί
306 1117 336 1178 οί
363 1109 419 1196 μίν
422 1111 550 1213 περί
532 1113 708 1196 Μαξιμῖνον
732 1109 938 1218 ιῖθοιπόρουν·
962 1139 976 1180 1

30 1199 64 1260 ἕν
82 1199 118 1262 δὲ
139 1222 177 1299 τῃ
165 1192 378 1280 ”Καρχηθὸνι
396 1191 453 1300 οὕρ
469 1220 514 1270 ως
524 1190 754 1301 ν’ρλπίκεσαν
713 1223 753 1262 τα
772 1193 938 1282 πράγματα

28 1277 216 1380 προύχώρει.
263 1285 471 1352 Καπελλιανος
493 1273 552 1363 μοῖρ
579 1271 619 1357 ἦν
644 1302 693 1353 τις
720 1276 836 1382 ὄνομα,
874 1283 939 1348 τοῖν

29 1359 91 1426 α’πο
118 1357 316 1446 Συγκλὴτου·
365 1359 466 1444 ἡγεῖτο
492 1363 525 1428 δὲ
548 1363 831 1467 Μαυρουσίαν
785 1390 848 1430 των
874 1359 937 1430 ιῖπιί

28 1443 220 1528 Ῥωμαίοις,
255 1438 412 1553 Νορᾶθοιν
438 1445 472 1512 θί
496 1445 697 1548 καλουμένων.
737 1440 824 1514 τοθὲ
843 1447 936 1523 ἔθνος

26 1530 251 1612 στρατοπέδοις
280 1529 454 1628 πίφρακτο,
490 1522 542 1592 θεοί
566 1552 601 1593 το
630 1533 832 1638 περικείμενον
857 1531 937 1608 πλῆ·

25 1622 91 1686 θος
107 1612 284 1714 Μαυρουσί
282 1637 325 1676 υν
342 1609 407 1676 τοῖν
424 1607 611 1712 βαρβάρων,
640 1608 684 1686 αῖς
700 1609 741 1678 νῖν
738 1615 877 1720 ε’πίχρι
875 1611 935 1680 αιῖ-

25 1697 91 1760 τοῖν
113 1690 175 1770 τοῖς
194 1697 227 1771 εξ
243 1692 449 1794 ἰπιθρομῆς“
426 1689 579 1796 αρπαριῖς.
620 1687 753 1779 εἶχεν
716 1720 771 1761 ουν
787 1693 843 1799 τῖφ
858 1700 934 1764 ἱαυ-
954 1715 974 1762 2

24 1773 936 1970 3⁰5ffz'tssztfssiitaizsszzfffflzzffvfflzzssztnsmfssss2

23 1947 206 2056 προςίκειτο
232 1941 372 2022 ἄνωθεν,
411 1943 445 2012 ἔκ
478 1968 562 2019 τινος
595 1939 740 2046 οῖγοραίου
773 1948 934 2050 θιαφοροῖς.

22 2031 97 2095 τότε
122 2031 229 2094 τοίνυν
247 2029 280 2093 ἕν
300 2023 358 2128 τηῖ
369 2025 427 2106 τῆς
444 2029 600 2113 βασιλείας
617 2023 776 2134 γενόμενος
793 2025 953 2112 ὀνόματι,

21 2107 174 2218 θιάθοχόν
207 2133 241 2174 τε
271 2106 358 2214 αὐτηῖ
392 2109 526 2214 έπεμψε,
565 2111 618 2176 καί
645 2111 704 2176 τοῦ
721 2111 834 2186 ἔθνους
851 2115 968 2188 ε’ξελ-
1006 2121 1014 2148 ·

24 2201 98 2262 θεῖν
115 2195 279 2261 ἐκέλευσεν.
319 2193 390 2258 6θὲ
414 2189 510 2294 πρός
515 2215 549 2258 τε
577 2194 676 2262 ταῦτα
693 2190 930 2305 α’μανακτήσας,
951 2195 972 2256 3
1000 2263 1002 2268 ,

23 2282 70 2381 τῷ
98 2301 135 2343 τε
162 2277 327 2360 Μαξιμίνιρ
357 2270 620 2383 καθοσιοιίμενος,
648 2275 701 2360 τῖφ
731 2273 769 2342 οὖ
795 2279 850 2342 καί
874 2304 932 2355 την

22 2362 193 2460 ἡγεμονίαν
218 2361 419 2434 πεπίστευτο,
455 2354 558 2426 πιῖντα
584 2355 640 2426 τίν
630 2385 797 2470 στρατον
815 2356 931 2445 οῖθροί-

24 2473 104 2522 σας,
136 2441 306 2518 οῖναπείοας
325 2466 360 2507 τε
373 2447 451 2518 Μαξ
429 2445 538 2548 ξιμίνορ
556 2447 659 2527 τηρεῖν
677 2470 735 2545 την
752 2445 855 2509 πίστιν
879 2446 932 2511 καί
1031 2483 1036 2494 ·

21 2557 78 2596 τον
100 2550 214 2611 ορκον,
248 2525 403 2605 κατῆλθεν
422 2527 474 2591 ε’πί
491 2552 548 2604 την
561 2523 770 2628 Καρχηδονα,
802 2522 933 2632 δύναμιν

21 2612 110 2696 ἄνων
122 2611 268 2720 μεγίστην
280 2631 315 2674 τε
327 2611 381 2676 καί
391 2610 536 2711 γενναίαν
549 2605 672 2694 οῖνθροιν
685 2605 850 2689 ηλικίαις’
829 2638 890 2697 ατμ
892 2608 933 2680 οῖ-

17 2701 160 2772 ζουσαν,
198 2695 251 2758 καί
277 2692 459 2782 παντοδαπῇ
475 2687 583 2758 ὅπλων
606 2717 785 2799 παρασκευη
769 2694 854 2799 ἐ’ξη
835 2722 932 2782 η-ρτυ

18 2783 140 2882 μένην,
166 2777 304 2880 ε’μπειρίᾳ
323 2798 358 2841 τε
375 2773 520 2860 πολεμικῇ
537 2777 644 2842 καῖ’
605 2802 643 2865 τη
649 2803 737 2882 προς
752 2774 824 2855 τούς
839 2789 932 2867 Βαρ-

20 2860 89 2947 βοίρ
91 2884 152 2934 ους
170 2856 272 2959 μοίχηρ
291 2859 439 2940 συνηθείᾳ
442 2843 578 2960 ετοίμην
597 2883 676 2962 προς
694 2858 810 2966 μάχας.

108 2944 172 3018 ’.Ως
192 2946 224 3008 θί
240 2939 392 3045 οῖπημμβλη
411 2969 456 3029 τιμ
442 2941 667 3050 Γορθιανηῖ“
647 2970 664 3011 ο
684 2968 817 3051 στρατος
835 2969 931 3028 προς·
951 2950 973 3010 4
1075 2991 1079 2998 -

19 3027 83 3097 τοῖν
110 3025 155 3114 τῇ
177 3021 279 3102 πόλει,
314 3022 409 3101 αυτός
435 3049 468 3091 τε
491 3026 560 3090 ἕν’
527 3051 663 3133 εσχατιρ
682 3022 780 3094 θεέι
749 3054 812 3128 ην,
848 3033 883 3092 οἵ
898 3050 932 3092 τε

17 3091 240 3216 Καρχηδόνιοι
257 3111 485 3218 ταραχθέντες,
503 3105 634 3214 οἰόμενοι
651 3114 685 3178 ίν
700 3105 812 3187 πληθει
826 3104 930 3193 ὄχλου,

18 3222 84 3264 ουιι
106 3195 144 3258 ἐν
162 3189 284 3296 εὐταξίᾳ
304 3218 454 3275 στρατου,
488 3216 523 3257 το
544 3191 644 3258 εὔελπι
662 3192 719 3271 τῆς
736 3192 824 3268 νίκης
843 3189 932 3268 εἶναι,

18 3279 183 3356 πανδημεί
200 3271 314 3351 πάντες
333 3279 461 3380 ἐξίασιν,
484 3275 528 3351 οῖς
546 3273 643 3382 θη
598 3302 641 3340 τω
628 3271 894 3376 Καπελλιανῳ
875 3300 932 3340 αν-

18 3357 230 3442 τιταξόμενοι.
271 3354 459 3460 Γορθιανίς
465 3361 519 3442 μίν
545 3383 600 3424 ουν
624 3355 643 3421 ὁ
668 3353 861 3464 πρεσβύτης,
889 3353 933 3434 οῖς

19 3469 111 3524 τινες
132 3467 247 3534 φασιν,
271 3438 337 3526 α’μνι
357 3441 402 3530 τοῖ
419 3441 475 3524 τῆς
489 3435 689 3592 Καρχηδόνρς
708 3439 868 3528 ἐπιβῆναι,
899 3444 933 3508 ἐν

675 3567 686 3588 .
708 3547 725 3590 2
