2256 4134
1111 26 1123 228 ί

1109 251 1123 380 ἰ

174 221 218 304 ηε
467 221 768 285 Πυοουεεεει

136 381 221 446 G
176 411 291 462 παντες
315 383 510 490 ἐκπλαγέντες
534 387 693 456 συνεᾛθεον
733 388 807 457 ὅθί
823 390 1004 497 προελθοίν,
1041 391 1078 461 τό

175 478 231 556 μὲν
249 474 393 556 πραχθέν
412 468 530 546 εύθέως
536 469 604 582 οὐχ
630 468 838 576 ἀμολόγησεν,
875 474 952 562 ἐβόα
973 481 1005 543 δέ
1023 505 1078 543 πε-

176 556 316 655 φευγέναι
327 555 473 631 κίνδυνον,
492 582 542 620 και
536 553 717 655 ἐπιβουλην
727 564 867 662 πολεμίου
881 564 935 624 καί
945 563 1077 662 ἐχθροῦ,

175 636 246 717 (τόν
261 633 391 744 ἀδελιρόν
409 640 534 718 λέγυν,)
562 634 647 721 μόλις
665 663 699 703 τε
718 643 772 704 καί
789 638 864 722 μετά
884 644 998 722 πολλῆς
1018 642 1079 726 μά-

177 747 298 826 χης
254 720 317 785 τοῖν
335 721 462 824 ἐχθροῖν
481 723 716 823 κεκρατηκέναι·
759 723 1025 791 κινδυνευσάντων
1049 730 1079 793 δέ

176 803 383 908 αμροτέροιν,
414 801 472 868 κάν
504 809 556 868 ένα
584 802 694 870 ἑαυτόν
723 809 850 889 βασιλέα
883 810 1079 918 τετηρῆσθιμ
1122 839 1123 852 ’

175 912 237 952 vno
264 912 322 968 της
346 911 452 970 τυχης.
493 887 646 952 τοιαῦτα
640 883 689 965 δύ
715 913 785 953 τινα
804 893 983 993 πλαγίοις’
965 898 1081 998 εμφαί-
1121 877 1123 990 1

177 996 258 1044 νων,
298 973 438 1035 νοεῖσθαι
470 970 582 1052 μᾶλλον
609 968 747 1070 ἐβούλετο
774 967 814 1036 τιί
808 974 1081 1082 πραχθένεα“
1058 1005 1079 1054 η

137 1076 155 1138 7
176 1050 358 1120 ακουεσθαι
405 1051 600 1136 ὑπισχνεῖται
622 1058 654 1120 δέ
675 1050 778 1128 αὐτοῖς
797 1053 875 1139 ὕπερ
892 1057 947 1134 τῆς
966 1059 1082 1124 ἑαυτοῦ

176 1139 329 1217 σωτηρίας
355 1137 409 1200 καί
432 1137 619 1220 μοναρχίας,
657 1133 777 1220 ἐκάστῳ
812 1143 867 1219 μέν
901 1138 1081 1241 στρατιώτῃ

174 1221 318 1300 δισχιλίας
339 1223 393 1283 καί
407 1223 608 1293 πεντακοσίας
624 1201 768 1320 ἐραχμάς
780 1216 939 1296 Ἄττικάς·
978 1250 1082 1322 προς-

174 1305 285 1402 τίθησι
300 1306 331 1367 δέ
349 1303 395 1402 τερ
415 1304 571 1405 σιτηρεσίῳ
589 1300 659 1368 ἀλλο
684 1302 741 1366 τοῦ
765 1302 994 1386 τελουμένου’
970 1334 1082 1390 ημισυ.

174 1379 285 1452 κελεύει
310 1410 343 1451 τε
368 1365 562 1458 ἀπελθόντας
581 1379 694 1458 αὐτούς
711 1382 787 1464 ἤδη,
813 1387 1069 1488 ύπρὸέχεσθαι
1047 1418 1082 1456 εκ
1122 1427 1123 1432 1

173 1490 211 1534 τε
227 1468 291 1533 τοῖν
306 1494 391 1533 ναοιν
408 1472 462 1533 καί
477 1469 540 1532 τάν
559 1468 731 1574 θησαυρόν
749 1465 790 1534 τά
791 1466 973 1574 χρήματα·
984 1475 1083 1570 μιᾶς
1122 1497 1123 1568 χ

122 1635 124 1638 ¹
174 1574 209 1618 τε
223 1549 345 1654 ημέρας
359 1549 527 1652 ἀφειὸοις
511 1553 664 1658 εκχεάς
637 1577 756 1628 παντο,
788 1575 847 1660 ρσα
861 1552 959 1618 ἐτεσιν
976 1551 1084 1620 ὀκτω-

175 1634 345 1700 καίιλεκα
326 1661 343 1700 ο
370 1635 515 1735 Σεβῆρος
529 1636 664 1718 ηθροισέ
685 1656 719 1698 τε
748 1635 801 1699 και
828 1637 1021 1702 κατέκλεισεν
1053 1644 1085 1715 ἐξ

134 1715 338 1824 8ἀλλοτρίων
365 1716 540 1817 συμφοράν.
581 1723 610 1783 ολ
636 1719 669 1782 δέ
693 1741 899 1828 στρατιωται,
926 1744 1088 1822 τοσρυτον

173 1801 341 1911 χρημάτων
359 1801 481 1903 πλιχθος
500 1795 703 1875 ἀκούσαντες,
732 1801 787 1865 καί
806 1803 945 1876 συνέντες
963 1800 1002 1870 τό
1026 1831 1088 1870 πε-

172 1887 363 1994 πραγμένον,
396 1881 457 1962 ἤδη
482 1907 517 1949 τε
537 1887 591 1948 καί
607 1885 666 1949 τοῦ
689 1879 786 1988 ρόνου
802 1881 972 1986 διαβοήτου
990 1912 1090 1988 γενο-

107 2021 111 2030 .
172 1971 267 2071 μένου
286 1964 348 2032 υπό
371 1968 434 2032 τάν
461 1964 586 2032 ἔνδοθεν
612 1989 814 2078 φευγρντοιν,
840 1963 935 2071 μόνον
955 1993 992 2034 τε
1012 1969 1090 2037 Αύ-

172 2048 349 2158 τοκράτορα
364 2045 601 2140 ἀναγορεύουσιν
621 2044 732 2134 αυτόν,
758 2053 814 2114 καί
824 2046 880 2115 τόν
895 2053 1002 2120 Γέταν
1024 2082 1091 2120 κα-

171 2135 256 2202 λοῦσι
275 2143 329 2201 πολ
331 2159 460 2244 εμιον.

134 2235 149 2278 1
254 2223 292 2280 V.
350 2217 516 2316 Επιμείνας
547 2213 626 2282 δί’
607 2241 624 2281 ο
650 2213 834 2292 Ἀντωνῒνος
867 2215 925 2296 τῆς
964 2218 1091 2296 νυκτός

172 2303 289 2382 ἐκείνης
317 2304 353 2367 ἐν
374 2327 418 2406 τερ
441 2300 500 2386 νεηῖ
524 2323 579 2364 του
566 2299 828 2402 στρατοπέδου,
855 2297 1035 2406 θαρρησας
1057 2329 1091 2368 τε

171 2386 226 2449 καί
244 2389 312 2460 ταῖς
329 2390 497 2452 ἐπιὸοσεσιν
521 2378 750 2485 οἰκειωσάμενος
773 2377 845 2458 τούς
851 2407 1089 2486 στρατιωτας,

171 2471 214 2540 εἰς
232 2494 291 2548 την
295 2465 484 2568 Σύγκλητον
507 2466 643 2544 κατῆλθε
664 2462 743 2570 μετά
762 2460 878 2540 παντός
898 2467 957 2531 τοῦ
979 2494 1091 2552 σιρα-

169 2550 244 2625 τοῦ,
277 2548 478 2650 ωπλισμένου
482 2547 636 2630 μάλλονη
658 2549 732 2623 ἔθος
759 2550 823 2614 ἐστι
816 2551 975 2649 flamia
998 2579 1091 2637 προ-

171 2633 306 2735 πέμπειν.
355 2628 498 2708 εἰςελθοίν
517 2635 549 2698 δέ
569 2636 620 2697 καί
639 2627 761 2708 θύσας,
791 2655 848 2697 του
865 2655 899 2696 τε
918 2641 1090 2746 βασιλείρυ

126 2711 288 2816 πέπιβάς
307 2712 446 2826 θρόνου,
481 2714 558 2791 ἔλεξε
574 2712 699 2782 τοιάδε
749 2711 841 2790 „0152
873 2711 981 2798 ἀγνοῶ
1014 2723 1123 2802 μέν,

168 2795 218 2865 ότι
242 2797 304 2874 πάς
330 2802 439 2864 οἰκείου
465 2796 558 2900 φόνος
578 2795 695 2871 εύθεας
713 2793 878 2870 ἀκουσθείς
897 2802 1088 2901 μεμίσηται,
1122 2839 1123 2932 χ

167 2877 205 2948 τό
224 2907 256 2946 τε
273 2880 387 2992 ὅγομα,
424 2885 492 2956 ταῖς
511 2879 619 2956 ἀκοαῖς
638 2877 702 2983 ἅμα
721 2880 765 2964 τῷ
782 2886 965 2983 προςπερεῒν
974 2930 985 2958 ,
1033 2881 1088 2948 εύ-

165 2961 232 3041 θυς
258 2968 342 3050 φέρει
366 2963 500 3050 χαλεπην
526 2960 688 3066 διαβολήν.
718 2965 782 3037 τοῖς
800 2965 853 3064 μέν
876 2961 937 3048 γάρ
961 2969 1089 3041 θυςτυ-

165 3045 300 3134 χήσασιν
317 3049 396 3123 ε’λεος
405 3096 415 3124 ,
450 3052 514 3122 τοῖς
539 3053 571 3114 δὲ
592 3069 763 3130 κρατησασι
787 3041 911 3147 φθόνος
928 3073 1091 3150 παραιτο-

88 3204 90 3209 ,
167 3137 286 3199 λουθεῖ·
329 3135 382 3197 καί
401 3155 436 3196 το
429 3126 518 3229 μέν
532 3130 705 3231 ηττηθέν’
689 3153 723 3193 εν
741 3132 805 3212 τοῖς
824 3125 982 3206 τοιούτοις
1010 3131 1088 3204 ἀδι-

124 3218 309 3290 zacheae,
343 3239 379 3281 το
370 3211 430 3279 δέ
448 3239 577 3291 νικησαν
588 3211 709 3279 ἀόικεῒκ
728 3213 816 3277 δοκεῖ.
859 3209 943 3290 πλην
973 3220 1011 3280 εἴ
1037 3242 1089 3292 τις

58 3364 66 3371 ,
164 3295 250 3401 ἀρθῆ
267 3295 377 3382 κρίσει,
410 3301 463 3362 καί
478 3323 521 3380 μη
513 3295 677 3362 διαθεσει
694 3294 734 3379 τό
753 3291 842 3402 πρός
851 3291 906 3358 τόν
925 3295 1088 3396 πεσόντα,
1122 3283 1123 3360 ί

163 3378 202 3444 τό
212 3383 432 3482 πεπραγμένον
450 3381 610 3481 λογίζοιτο,
634 3373 707 3477 τόν
726 3399 760 3441 τε
779 3377 881 3442 αἰτίαν
902 3375 1012 3446 αὑτοῦ
1035 3387 1093 3448 καλ

142 3460 222 3543 την
247 3459 399 3530 ἀπόθεσιν
424 3457 576 3540 ἐξετάζοι,
615 3483 699 3546 ευροι
720 3457 759 3528 ἀν
779 3459 858 3564 ὁμοῦ
876 3465 934 3530 καί
952 3461 1123 3552 εὖλογονί
