2256 4134
241 145 606 208 HISTORIARVM
634 145 727 223 vm,
749 146 779 208 6.
917 149 972 208 181

31 331 36 344 ‘
68 335 139 397 γεσι
169 313 235 386 τοῖς
258 307 465 413 Ἀκυληαίων,
484 305 747 412 άγγελλοντες
709 337 766 376 τον
795 305 890 391 φόνον
913 311 973 376 τοῦ

66 398 263 476 Μαξιμίνου
314 390 372 468 τάς
394 399 427 460 δέ
450 389 548 468 πάλας
574 392 706 495 ἀνοίγειν
733 391 856 472 ἠξίουν,
882 395 967 493 δέχε-

68 482 153 544 σθαί
176 501 209 542 τε
234 479 339 560 φίλους
370 501 445 550 τους
468 479 549 577 χθές
574 472 720 578 ἐχθρούς.
778 483 807 540 οι
843 477 874 541 δι’
900 476 966 542 τοῖν

64 557 258 639 Ἀκυλησίων
287 561 451 642 στρατηγοί
474 554 533 633 τοῖς
547 564 628 666 ἱ,μέν
636 554 734 660 πάλας
761 556 880 634 οῖνοῖξαι
908 556 965 625 οὖν

64 645 257 750 ἐπέτρεψαν,
278 645 448 740 προθέντες
466 647 498 706 δέ
516 668 575 716 τας
599 638 717 716 εἰκόνας
743 645 891 742 Μαξίμου
912 641 966 705 καί

62 723 240 825 Βαλβίνου,
266 725 441 828 Γορδιανοτῖ
464 748 498 788 τε
526 725 703 828 Καίσαρος,
722 721 893 825 στεφάνοις
911 727 965 788 καί

64 803 199 906 δάρναις
234 808 478 907 κεκοσμημένας,
508 803 598 871 αδτοί
631 829 665 870 τε
698 802 874 916 εὖφγὶμουν,
911 809 966 874 καί

64 915 141 964 τους
167 885 360 990 στρατιώτας
386 887 488 966 ἠξίουν
502 891 649 971 γνωρίσαι
671 891 724 953 καί
742 886 890 989 α’νειπεῖν,
910 883 963 954 εὔ.-

63 971 208 1054 (γημῖγσαί
220 995 254 1035 τε
272 996 346 1044 τους
361 969 424 1036 ιῖπο
444 969 611 1053 Ῥωμαίων
635 965 811 1070 Συγκλάτου
838 971 962 1036 α’ναδει-

61 1056 199 1141 γθέντας
226 1049 467 1165 αὐτοκράτορας.
506 1049 694 1152 Γορδιανοας
720 1057 752 1118 δέ
756 1053 900 1158 ἕλἐγον
884 1059 961 1120 εκεί-
980 1044 1002 1122 3

61 1161 145 1210 νους.
155 1142 199 1210 εἰς
217 1133 348 1236 οὖρανδν
368 1164 420 1200 και
411 1131 516 1200 θεον
518 1111 819 1236 οῖυακεχωρηκέναι.
860 1137 961 1219 προδ-

60 1215 167 1284 θεσάν
191 1242 225 1283 τε
231 1217 330 1319 υπέρ
357 1219 420 1283 τοῖν
443 1218 550 1324 τειγοῖν
585 1213 717 1302 οἷγοράν,
745 1217 835 1283 ὤνιον
862 1221 961 1302 παρέ-

59 1325 188 1399 γοντες
195 1295 321 1376 πάντων
345 1302 409 1365 ταῖν
436 1302 630 1399 ἐπιτηδεί,ων
665 1301 790 1402 τροφοῖν
816 1324 851 1366 τε
877 1328 960 1365 παν-

57 1382 206 1450 τοδαποῖν
236 1387 291 1449 καί
320 1383 426 1450 ποτοῖν
458 1379 638 1485 οἶφθονίαν,
671 1379 808 1489 ἐσβῆτδς
840 1407 873 1449 τε
907 1388 961 1450 καί

57 1461 286 1568 ὑποδημάτων,
314 1469 367 1530 καί
394 1463 453 1532 ὅσα
480 1463 607 1532 ἐδύνατο
637 1468 792 1566 παρέχειν
807 1472 850 1540 εἰς
878 1467 959 1550 χρῆ-

59 1577 112 1616 σιν
131 1547 313 1659 ἀνθρώποις
338 1545 425 1622 πόλις
449 1545 668 1650 εὐδαιμονοῦσα
693 1553 746 1612 καί
770 1545 957 1658 οἷκμάζουρα.

59 1632 138 1698 ὅθεν
165 1636 218 1695 καί
240 1632 351 1732 μάλλον
369 1627 568 1738 ἐξεπλάγη
550 1657 567 1696 ο
595 1627 745 1742 στρατός,
786 1637 883 1706 συνείς
910 1628 998 1698 ὅττί

58 1719 126 1789 τοῖς
145 1719 199 1796 μέν
219 1711 320 1778 πάντα
338 1711 478 1799 αὐτάρκη
495 1742 555 1815 ην,
584 1719 612 1778 εἰ
634 1719 686 1780 καί
713 1717 762 1779 ἐπί
790 1717 879 1780 πλέον
899 1739 959 1780 πο·

56 1799 242 1906 λιορκοῖντο,
268 1795 356 1861 οὗτοι
348 1800 445 1862 ἱ’δέ
429 1823 462 1862 εν
490 1793 598 1862 σπάνει
615 1794 741 1862 πάντων
769 1798 832 1872 τοῖν
850 1801 958 1875 ἐπιτη-

57 1884 150 1946 δείων
172 1879 294 1944 θάττον
295 1876 569 1985 διεφθάρησριν,
578 1879 599 1959 ἢ
623 1883 700 1946 εἷλον
735 1875 839 1946 πάντα
865 1879 957 1964 έχου-

56 1990 120 2029 σαν
148 1958 245 2027 πόλιν.
287 1987 303 2026 ο
330 1967 362 2026 δέ
390 1959 558 2065 στρατδς
549 1962 632 2045 ἐμενε
660 1957 746 2067 παρά
771 1967 839 2036 τοῖς
858 1968 956 2063 τείχε-

58 2073 128 2120 σιν,
158 2043 237 2128 ἔχων
270 2040 312 2146 τά
346 2052 477 2153 γρειωδη
493 2094 504 2122 ,
536 2041 615 2147 ἅπερ
648 2043 710 2112 α’πδ
747 2045 809 2109 τοῖν
846 2043 956 2150 τειχοῖν

55 2126 250 2231 ἐλάμβανον,
279 2125 336 2193 ὅσα
366 2132 494 2203 ἑίιαστος
518 2124 675 2212 ἐβούλετο
734 2127 894 2230 διελεγοντό
921 2151 954 2192 τε

55 2209 205 2289 ἀλλήλοις
243 2212 295 2276 καί
319 2205 360 2289 ἦν
386 2208 505 2295 εἰρήνης
530 2213 585 2294 μέν
618 2214 672 2278 καί
707 2213 807 2310 φιλίας
843 2207 954 2276 διάθε-

56 2321 122 2370 σις,
152 2293 255 2379 σχῆμα
281 2293 357 2359 02*
335 2321 380 2359 εει
405 2298 596 2404 πολιορκίας,
620 2295 683 2360 τοῖν
703 2294 813 2377 τειχιεῖν
840 2301 954 2358 κεκλει-

56 2379 193 2479 σμένον
196 2380 248 2442 καί
266 2377 323 2441 τοῦ
341 2380 477 2480 προτοῦ
483 2369 570 2480 περί
587 2375 665 2442 αὕτα
658 2375 925 2484 διαιτωμένου

54 2539 169 2645 οἷδ’

52 2622 119 2691 οῖπδ
146 2627 202 2704 τῆς
225 2623 408 2704 Ακυληίας,
443 2546 649 2726 ὁδοιπάρησάν
675 2651 708 2691 τε
735 2621 813 2707 μετά
839 2623 955 2729 πάσης

52 2711 212 2784 ἐπείξεως,
238 2713 290 2772 και
318 2712 516 2792 ἐπιροιτοῖσιν
544 2708 660 2784 αὐτοῖς.
675 2706 734 2787 τοῖς
757 2704 866 2786 λοιπάς
893 2706 954 2775 πό-

52 2800 116 2866 λεις
142 2787 275 2857 πάλαι
254 2795 447 2873 ανοίγνυντο,
471 2796 522 2859 καί
551 2794 819 2900 δαρνηφοροιῖντες
839 2787 954 2868 αὐτους
1054 2835 1060 2848 .

54 2902 86 2941 οι
78 2874 199 2958 “δῆμοι
208 2871 406 2986 υπεδεγοντο.
448 2875 491 2951 οἷς
510 2879 541 2942 δι’
561 2879 736 2944 διέπλευσαν
762 2872 821 2950 τάς
847 2899 880 2939 τε
906 2878 953 2938 λί-

53 2983 183 3061 μνας
165 2960 217 3022 καί
240 2983 351 3041 τεναγη
378 2959 489 3060 μεταξυ
516 2957 655 3026 Ἀλτίνου
684 2965 736 3027 καί
769 2958 951 3067 Ῥαβέννης,

52 3042 236 3143 περιέτυχον
271 3043 406 3147 Μαξίμῳ
419 3041 687 3146 αὐτοκράτορι,
697 3044 884 3124 διατρίβοντι
919 3042 952 3104 ἐν

52 3123 98 3192 ‘²1
99 3127 242 3234 αβέννη·
265 3125 344 3191 ἔνθα
372 3122 445 3202 τούς
474 3151 506 3191 τε
531 3152 593 3195 οπο
629 3122 746 3205 Ράμης
779 3126 964 3224 ἐπιλέκτους

55 3212 110 3272 καί
117 3231 203 3284 τους
222 3203 284 3272 άπδ
302 3209 359 3288 τῆς
377 3207 509 3283 Ἰταλίας
527 3205 655 3308 λογάδας
682 3208 836 3306 ἥθροιζεν.
877 3203 952 3286 α’φῖ-
973 3207 992 3266 6

54 3317 113 3356 κτο
145 3295 178 3356 δέ
186 3288 318 3392 αὑτιγῖ
321 3295 373 3356 καί
400 3294 590 3394 Γερμανῶν
594 3288 650 3357 οὐκ
676 3287 758 3390 ὀλίγη
788 3291 956 3398 συμμαχία,

55 3376 238 3459 πεμφθεῖσα
266 3400 309 3441 υπ
337 3372 441 3442 αὐτοῖν
466 3402 524 3443 κατ
548 3373 693 3450 εὔνοιαν,
724 3400 765 3452 ην
778 3371 859 3459 ειχον
878 3367 957 3456 πρός
