2256 4134
183 213 241 271 180
483 207 784 270 HERODIANI

181 399 259 441 νετο.
302 379 336 440 οἵ
359 397 391 442 τε
415 367 486 477 χύρ
502 369 683 474 Ακυλιχσιοι
706 369 779 449 τούς
803 376 837 439 ἓν
861 372 911 482 τῇ
926 367 1011 440 πύλει
1030 397 1078 440 τε-

182 455 368 562 λευτρίντας,
389 482 444 522 ουκ
465 481 583 539 εχοντες
601 455 686 531 ὅπως
704 454 911 557 θύφωσιν,’
894 483 926 532 ες
947 457 1002 524 τόν
1022 483 1078 523 πο-

183 538 281 623 ταμύν
296 539 528 644 ἀπερρίπτουν
578 547 612 604 οῗ
630 563 665 605 τε
691 545 725 606 έν
742 541 788 623 τῷ
813 565 935 643 στρατχι
953 538 1078 642 φονευό-

183 650 273 730 μενοι
290 622 310 702 ἢ
338 619 585 725 διαφθειρόμενοι
605 617 704 726 κόρῳ,
726 605 923 689 έδίίίοντο
878 651 921 706 τῳ
943 621 1077 708 ῥεύματι,

184 706 240 775 οὐκ
257 703 392 792 έχόντων
412 703 515 771 αὐτῶν
532 703 573 771 τύ
590 732 669 806 προς
689 703 792 788 ταφσίς
809 687 975 785 ἕπιτηίλεια.

145 795 163 852 8
267 791 478 868 Παντοδαπῆς
504 786 558 856 οὖν
581 787 713 872 ἀπορίας
743 795 794 856 καί
827 793 1001 874 δυςθυμίας
1027 786 1081 868 τᾶν

185 871 320 978 στρατόν
340 871 545 972 κατεχούσης,
571 877 744 956 αἰφνιδίως,
768 871 1003 974 ύνωπαυομένου
1030 873 1082 980 τού

183 959 399 1057 Μαξιμίνου’
383 984 415 1022 εν
435 955 473 1042 τῆ
494 957 607 1059 σκηνῇ,
629 961 683 1022 και
698 957 756 1037 τῆς
774 956 892 1040 ημέρας
910 961 1027 1036 ε’κείνης
1050 960 1082 1021 έν

185 1039 284 1105 ανέσει
307 1040 366 1106 τού
388 1043 516 1144 πολέμου
534 1039 646 1119 ούαης,
676 1042 738 1106 τῶν
743 1056 799 1106 τε
810 1043 994 1105 πλείστων’
977 1067 1009 1116 ες
1027 1065 1082 1114 τας

186 1149 303 1201 σκηνας
326 1125 378 1186 καί
403 1120 442 1187 τοί
469 1123 705 1228 ἐγκεχειρισμένα
734 1124 790 1202 τῆς
817 1148 957 1225 φρουρας
986 1127 1081 1224 χωρία

185 1201 485 1308 ανακεχωρηκύτων,
513 1206 592 1280 ἔδοξε
618 1209 683 1280 τοῖς
709 1204 944 1308 στρατιώταις,
956 1211 990 1272 οἳ
998 1231 1082 1310 προς

186 1289 238 1392 τῇ
253 1287 420 1391 Ρωμαίων
445 1286 529 1354 πόλει
557 1286 760 1396 στρατόπεδον
786 1291 865 1392 εἶχον
883 1287 949 1399 ύπρ
970 1288 1006 1354 w*
1025 1315 1082 1355 κα·

185 1358 331 1454 λύύμενον
353 1369 425 1453 ὅρος
453 1368 621 1456 Αλβανόν,
651 1372 731 1438 ε”νθα
757 1376 869 1447 παῖδας
895 1375 949 1438 καί
981 1375 1082 1473 γυναί-

92 1461 97 1466 ’
186 1481 245 1529 κας
270 1457 539 1533 καταλελοίπεσαν,
567 1454 721 1567 φοιεύραι
737 1453 791 1520 τύν
794 1460 999 1557 Μαξιμῒνον
1042 1481 1082 1528 ως

187 1534 359 1602 παύσαιντο
388 1542 444 1619 μέν
471 1541 594 1638 χρονίου
624 1542 689 1604 καί
699 1534 874 1640 σῖπερύντου
885 1542 1081 1641 πολιορκίας,

186 1623 295 1704 μηκέτι
323 1623 355 1685 δέ
383 1625 532 1704 πορθοίεν
555 1618 688 1686 Ἰταλίαν
715 1621 793 1708 ύπέρ
813 1618 967 1705 τυρύννου
996 1645 1082 1687 κατε-

187 1706 372 1804 χνωσμένου
381 1707 433 1766 καί
453 1727 664 1810 μεμισημενου.

146 1812 165 1872 9
272 1781 482 1902 Τολμιχοαντες
504 1781 558 1852 οὖν
585 1789 687 1852 ἐπίασι
716 1786 756 1876 τῇ
782 1786 877 1886 σκηνῇ
904 1783 1002 1851 αύτού
1020 1789 1086 1885 περί

185 1870 281 1951 μέσην
311 1871 443 1971 ημέραν
492 1873 710 1972 συναραμένων
734 1858 766 1936 ι’λί
799 1867 903 1943 αύτοῒς
937 1875 991 1934 καί
1025 1895 1085 1934 των

187 1949 404 2036 φρουρούντων
431 1949 627 2052 δορυφόρων,
659 1949 716 2028 τύς
745 1977 778 2016 τε
805 1949 927 2027 εἰκόνας
954 1956 990 2020 ἐν
1027 1953 1084 2017 τῶν
1117 1977 1118 2045 χ

188 2037 320 2139 σημείων
342 2060 535 2110 κατασπωοι,
556 2039 610 2136 κμί
627 2032 721 2140 αύτομ
740 2032 796 2100 σύν
810 2062 853 2117 τῳ
842 2033 963 2099 παιδι
981 2043 1085 2136 προελ-

187 2129 290 2219 θρντα
309 2118 366 2197 τῆς
382 2117 527 2219 σκηνῆς,
557 2117 599 2193 ιύς
625 2115 711 2197 ιλη”
690 2145 751 2205 αρα
779 2121 946 2193 ιίιαλέξαιτο
975 2117 1086 2191 αύτοις,

187 2198 245 2268 ούκ
270 2197 474 2302 ἀνασχόμενοι
499 2198 668 2302 ἀναιροῦσι.
719 2197 881 2304 φονεύουσι
906 2205 938 2265 (λε’
963 2199 1087 2265 καίτοι

188 2285 326 2368 ἔπαρχον
345 2285 402 2350 τοῦ
419 2284 565 2367 στρατοῦ,
583 2280 703 2357 πάντας
722 2307 755 2349 τε
770 2281 844 2357 τούς
861 2286 965 2365 ἐκείνῳ
982 2280 1087 2368 θυμή-

190 2391 252 2474 ρεις
282 2372 400 2451 φίλους·
452 2369 600 2451 ῥίψαντές
630 2391 663 2430 τε
682 2362 723 2432 τύ
745 2364 871 2474 σφ’ματα
893 2371 960 2440 τοῖς
979 2374 1087 2450 βουλο-

189 2453 291 2552 μένοις
320 2451 484 2552 ἐνυβρίζειν
509 2454 563 2515 και
587 2451 712 2525 πατεῖν,
746 2453 853 2514 εἴασαν
878 2453 949 2515 κυσί
976 2474 1011 2514 τε
1040 2451 1088 2513 και

189 2557 290 2633 ορνισι
316 2531 424 2634 βορρίν.
474 2533 533 2598 τοῦ
560 2535 591 2597 δέ
610 2535 795 2640 Μαξιχιίνου
820 2534 873 2597 καί
897 2533 955 2598 τοῦ
983 2530 1088 2605 παιιίὸς

190 2640 251 2688 τας
270 2615 403 2695 κεφαλας
422 2621 463 2690 εἰς
480 2643 537 2693 την
551 2612 680 2716 Ρτύμην
698 2616 848 2714 ἔπεμψαν
869 2611 1020 2723 mrofozfirtp
1039 2619 1088 2698 μέν

191 2693 231 2774 δη
259 2700 335 2762 τέλει
360 2703 534 2799 Μαξιμῒνος
558 2701 609 2762 καὶ
638 2697 654 2762 0‘
683 2724 758 2772 παις
787 2695 884 2763 αύτοῦ
911 2695 1088 2782 ε’χρησανιο,

192 2783 279 2855 δίκας
299 2804 437 2882 πονηρας
451 2780 550 2865 ἀρχῆς
568 2778 764 2884 ύροοχόντες.

155 2888 168 2929 1
275 2866 331 2926 VI
372 2861 459 2930 0δὲ
486 2861 620 2973 στρατύς
648 2865 710 2938 παῖς
729 2891 770 2938 ως
788 2860 923 2930 ἐπύθετο
948 2893 987 2929 τα
978 2858 1090 2965 χενό-

194 2970 271 3030 μενοι
279 2995 291 3023 ,
312 2973 345 3013 εν
364 2970 398 3010 τε
412 2945 531 3047 ἀφασίᾳ
549 2945 652 3026 ἦσαν,
669 2950 722 3013 καὶ
740 2944 776 3012 ού
798 2942 881 3012 πύνυ
900 2975 932 3012 τι
947 2975 991 3030 τῳ
1013 2973 1089 3030 πρα-

193 3032 306 3130 χθέντι
320 3025 434 3105 πάντες
449 3028 624 3113 ἠρέσκοντο·
644 3033 696 3095 καί
709 3027 844 3142 μα’λιστύ
861 3051 904 3130 χε
912 3037 942 3096 οἱ
957 3012 1091 3134 ίῚαίονες

193 3117 246 3182 καί
266 3111 334 3180 ὅσοι
330 3110 509 3222 βάρβαρον
530 3115 667 3215 θρᾷκες,
689 3121 723 3179 οἱ
734 3119 791 3179 καί
806 3140 874 3191 την
883 3110 986 3206 οἶρχην
1014 3111 1091 3216 αύτῷ

194 3199 453 3305 ε’χκεχειρίκεσαν.
498 3195 574 3275 πλην
611 3198 667 3262 τοῦ
699 3195 790 3298 ἔρχου
818 3195 903 3272 ἅπαξ
927 3193 1090 3299 χεχονύτος,

154 3297 173 3340 2
194 3300 322 3364 ακοντες
339 3283 412 3362 μέν,
432 3280 540 3381 ἔφερον
559 3283 605 3345 δέ
648 3275 767 3364 οἷνύχκη
785 3304 819 3344 τε
844 3307 883 3357 ην
911 3277 1092 3358 συνήδεσθαι

196 3365 260 3437 τοῖς
276 3367 476 3462 πραχθεῖσιν
510 3361 769 3465 ύποκρινομενοις.
826 3365 1031 3465 καταθέμενοί
1064 3382 1092 3423 τε

196 3441 238 3513 τοί
265 3442 362 3525 ὅπλα,
389 3449 422 3514 έν
441 3451 580 3536 εἰρηνικφ
611 3473 745 3534 σχηματι
764 3443 937 3536 προςῄεσαν
953 3450 1017 3522 τοῖς
1034 3446 1093 3509 τεί-
