2256 4134
264 209 647 275 HISTORIARVM
679 214 742 290 IV,
764 211 793 274 8.
894 238 963 288 ,101

44 378 143 448 αύτσῶ
165 381 200 445 έν
220 375 318 462 Ἰλίῳ,
355 375 561 457 ἐτελεύτησεν,
597 377 642 454 ῶς
670 378 726 461 μέν
751 401 833 456 τινες
852 366 897 448 ἕλε
895 407 961 486 μιν,

42 460 198 548 φαρμάκῳ
219 443 417 568 αἰιαιριδείς,
442 458 482 526 ἵν’
505 459 550 537 ῶς
571 459 753 546 Πάτροκλος
770 465 877 564 τυφῶ
914 467 960 544 ῶς

42 555 84 614 δέ
102 554 203 630 ἕτεροι
229 546 384 626 ἔφασκον,
416 540 497 652 νάσῳ
518 551 716 651 διαφθαρείς.
761 549 873 614 τοῦτον
900 575 956 618 κσ-
979 551 999 611 5

41 631 198 714 μισδῆναι
214 627 324 696 κελεύει
340 627 396 695 τδν
408 631 498 694 νέιιυν
505 677 517 708 ,
541 628 639 706 ξύλων
656 655 689 696 τε
705 631 822 696 πολλῶν
838 627 956 717 α’δροι-

43 715 163 806 σθῆναι
189 709 321 818 πυράν·
361 715 483 786 έπιδείς
517 737 551 778 τε
576 709 674 778 αύτύν
701 719 735 781 ἐν
762 717 863 824 μέσῳ,
901 722 960 782 καλ.

39 794 228 899 παντοδαπά
249 796 313 870 ζῶα
329 792 552 901 κατασφάξας,
570 795 688 902 ύφῆιμέ
695 820 747 870 τε,
770 799 824 863 καί
841 793 953 899 φιάλην

39 877 164 960 λοβῶν,
192 880 330 946 σπένδων
349 903 383 945 τε
398 882 463 955 τοῒς
482 875 630 988 6666663,
653 879 768 979 εὔχετο.
809 908 893 947 πανυ
918 908 953 950 τε

39 965 85 1030 ῶν
104 960 312 1066 ψιλσκόρσης,
343 958 498 1070 πλόκαμον
515 965 669 1030 έπιθιῒναι
686 962 732 1048 τῶ
748 989 822 1047 πυρι
813 966 948 1044 ζητῶν,

39 1049 183 1133 ε’μελῶτο·
227 1042 362 1143 πλήν
335 1073 380 1112 ων
380 1045 474 1149 „⁸6⁶
484 1045 629 1147 τριχῶν,
643 1043 834 1150 ἀπεκείρατο.
861 1046 950 1151 666-
970 1041 991 1105 6

39 1157 87 1198 νει
107 1134 139 1196 δέ
161 1133 214 1195 καί
221 1128 412 1231 στρατηγῶν
425 1125 562 1233 μάλιστα
580 1122 699 1202 Σύλλαν
725 1152 759 1195 τε
787 1127 843 1196 τῶν
861 1118 948 1196 Ρῶ-

38 1217 134 1299 μαῖον
154 1209 230 1279 καλ
232 1217 371 1316 Αννίβαν
398 1239 453 1278 τον
469 1215 586 1298 Λίβυν
627 1208 822 1298 άνδριάντας
833 1237 868 1279 τε
886 1213 947 1283 αὖ·

36 1301 104 1365 τῶν
124 1302 179 1362 καλ
197 1293 318 1371 εἰκόνας
337 1293 509 1374 ἀνέστησεν.

120 1377 268 1464 Ἀπάρας
286 1381 377 1446 δί
337 1407 392 1460 της
408 1378 516 1456 Ιλίου,
537 1373 589 1446 διά
604 1404 639 1445 τε
656 1377 713 1460 τῆς
730 1377 821 1458 ἄλλης
835 1377 945 1456 Ἀσίας

35 1494 91 1532 και
80 1468 287 1541 Βιθυνίας,
311 1464 376 1528 τῶν
394 1487 429 1529 τε
446 1463 560 1530 λοιπῶν
576 1464 698 1538 ἐθνῶν,
727 1461 847 1562 κᾴκεῖσε
867 1469 944 1530 διοι-

35 1547 139 1628 κη’σας
166 1543 207 1614 τά
233 1547 391 1630 πρακτέα,
432 1552 474 1622 εἰς
502 1544 561 1624 τήν
586 1543 780 1630 Αντιύχειαν
804 1543 941 1649 άφλκετο.

34 1635 104 1698 ἐκεῖ
124 1655 160 1697 τι
170 1631 366 1733 ύποδιχθελς
386 1630 555 1704 πολυτελῶς
563 1677 574 1706 ,
606 1657 659 1696 και
651 1632 845 1712 διατρίψας
863 1626 941 1734 χρύ-

32 1742 93 1782 νου
112 1711 215 1792 τἰνύς,
248 1717 300 1780 ε’πί
319 1711 383 1815 τήν
401 1709 648 1814 Αλεξάνδρειαν
652 1714 816 1812 ε’στελλετο·
859 1739 920 1780 πσ

34 1825 133 1883 φασιν
157 1801 213 1880 μέν
238 1792 434 1900 ποιούμενος,
469 1799 583 1862 ποθεῖν
610 1791 669 1874 τήν
686 1801 723 1862 ἐπ
724 1739 941 1900 ’Ἀλεξάνλρλφ

33 1884 220 1949 κτισθεῖσαν
235 1877 339 1956 πόλιν,
365 1884 418 1946 καί
434 1881 480 1964 ’τῷ
498 1879 566 1982 θεῶ
584 1875 784 1984 χρησασθαι,
808 1877 844 1946 ὂν
859 1882 939 1946 ἐκεῖ·

32 1993 84 2032 νοι
111 1967 251 2049 σέβουσιν
278 1969 470 2066 ἐξαιρέτως.
488 1959 543 2030 δύο
568 1961 633 2064 γάρ
656 1963 756 2029 ταῦτα
782 1960 938 2048 ύπερβαλ
960 1987 980 2047 7

26 2046 152 2122 λύντως
173 2050 395 2147 προςιποιεῐτσ,
433 2075 491 2126 την
515 2071 550 2112 τε
574 2047 633 2114 τού
645 2047 736 2113 θεοῦ
755 2051 937 2152 θρησκείαν,

32 2137 102 2198 καί
100 2127 168 2209 τὴν
188 2131 244 2196 τοῦ
265 2127 379 2232 ἥρωος
391 2127 524 2214 μνήμην.
563 2125 737 2233 ἑκατόμβας
756 2153 789 2194 τε
811 2124 937 2194 σύνιτε

30 2214 111 2281 λεύει
130 2213 446 2314 παρασκευασθῆναι,
450 2210 647 2316 έναγιομούς
663 2238 697 2278 τι
711 2209 936 2286 παντοδαπούς.
1046 2288 1049 2296 ¹

31 2299 77 2375 ῶς
97 2302 131 2364 δὲ
150 2297 350 2400 διηνμελη”
304 2324 347 2402 τιμ
368 2297 432 2362 τῶν
450 2295 686 2408 Αλεξανδρέοιν
688 2292 818 2375 πλήθει,
847 2289 938 2376 φύσει

29 2389 112 2484 μέν
108 2380 178 2448 ὄντι
195 2379 254 2454 τάς
273 2407 396 2464 μνωμας
416 2377 612 2488 κρυφοτάτῳ,
633 2384 686 2446 καί
705 2381 755 2446 έπλ
775 2379 839 2453 τσῗς
853 2389 936 2481 βρα-

27 2461 181 2566 χυτάτοις
200 2465 302 2550 ρᾆτα
318 2465 502 2568 κινουμένῳ,
523 2460 594 2530 τότε
612 2460 639 2532 δ’
657 2458 856 2565 ε’ξεπτύηττο,
879 2459 937 2542 τὴν

27 2551 87 2615 τοῶ
111 2551 262 2648 βασιλέως
287 2551 423 2626 σπουδην
442 2571 474 2612 τε
492 2545 592 2613 nav
558 2569 680 2613 ευνοιαν
698 2541 943 2647 πυνθανόμενοι.

25 2627 174 2716 ύποδοχῆ
193 2635 225 2696 δέ
243 2627 499 2734 παρεσκευάζετο,
527 2637 596 2698 οἵαν
614 2633 728 2733 μηδενί
733 2624 858 2696 πῶποτε
873 2640 935 2707 βα·
956 2639 977 2698 8

28 2718 109 2782 σιλεῖ
127 2716 273 2813 γενέσθαι
291 2717 377 2796 φασί.
415 2710 520 2792 πάσης
539 2738 573 2779 τε
572 2710 650 2820 γάρ
668 2709 786 2816 μούμης
805 2714 935 2815 ὄργανα,

24 2821 194 2900 πανταχου
179 2797 399 2897 διακείμενα,
419 2791 586 2865 ποικίλον’
566 2821 642 2902 ηχον
655 2791 816 2897 εἰργάζετο·
847 2795 935 2897 άροι-

25 2880 142 2964 μάτων
157 2903 190 2942 τε
204 2880 412 2948 παντοδαπῶν
427 2907 479 2946 και
471 2877 704 2965 θυμιαμάτων
716 2877 858 2988 άτμίδες
856 2905 934 2946 ευοι-

25 2971 99 3031 δίαν
121 2966 269 3048 παρεῖχον
287 2968 356 3038 ταῖς
376 2959 516 3040 εἶςόδοις·
557 2969 733 3066 δρδουχίαις
751 2986 785 3028 τε
803 2963 858 3028 καί
873 2959 932 3026 66-

25 3052 119 3114 δέιον
135 3049 241 3151 βολαῖς
259 3043 430 3150 ε’τίμοιν
392 3073 450 3112 τον
476 3052 612 3130 βασιλέα.
655 3045 699 3124 ῶς
722 3051 755 3113 δὲ
780 3043 933 3124 εἰςιλλαοεν
952 3066 973 3132 9

26 3138 72 3207 εἰς
104 3156 169 3233 την
195 3128 284 3196 πόλιν
308 3127 366 3197 σύν
390 3134 484 3196 παντί
502 3131 560 3232 τῶ
581 3131 719 3236 στρατῶ,
748 3129 872 3234 πρῶτον
889 3129 935 3200 εἶς

24 3213 84 3280 τύν
109 3207 189 3280 νεῶν
216 3209 377 3292 άνελθῶν,
416 3210 530 3288 πολλάς
564 3212 751 3318 ἑκατόμβας
769 3212 933 3286 κατέθυσε,

24 3295 146 3399 λιβάνῳ
166 3321 199 3362 τε
212 3293 298 3401 τριλς
324 3294 485 3400 βωμούς’
469 3294 650 3399 εσύρευσεν.
686 3295 806 3360 εἰσεῖδον
832 3289 858 3360 δ
884 3296 935 3359 έλ-

25 3380 101 3446 666
122 3387 167 3456 εἰς
186 3377 222 3446 τύ
240 3377 460 3464 Ἀλεξάνδρου
462 3379 585 3463 μνῆμα,
611 3375 670 3458 τύν
686 3399 721 3446 τε
739 3372 916 3463 χλαμύδα
896 3400 935 3454 ην

20 3469 130 3550 ἔφερεν
170 3465 346 3549 ἁλουργῆ,
360 3467 538 3539 δακτυλίους
561 3489 594 3531 τε
615 3461 669 3539 σῶς
693 3459 751 3550 εἶχε
771 3467 870 3529 λίθων
888 3487 940 3527 τι·.
