2256 4134
243 210 773 290 HISTORIARVMVIII,5.
901 234 961 300 179

59 377 143 444 ι’δίων
164 377 372 482 στρατιωτοῖν,
393 378 435 454 οῖς
450 375 609 489 ἀχάνδρρχς
628 405 679 446 και
671 371 847 479 ρᾳθάμως
862 403 958 462 προς-

60 463 239 561 φερομένους
267 461 306 547 66
323 464 514 573 τειχομαχίᾳ
567 458 645 527 ὅθεν
672 489 774 562 αυτῳ
791 465 957 568 περιεμέ-νε

60 569 95 609 το
114 540 192 642 πρὸς
205 546 266 644 μίν
292 570 355 609 των
385 549 502 614 οἰκείων
525 542 613 646 μῖσός
633 570 665 609 τε
685 546 738 646 χιαί
757 542 851 629 ὀρχη,
869 539 956 632 παρά

58 632 90 692 δεΙ
111 627 174 693 ταῖν
194 623 367 692 ἀντιπάλων
387 627 536 694 πλειων
513 657 533 708 η
555 625 793 732 καταφρόνησις.

139 711 306 814 Συνέβαινε
335 714 367 776 δὲ
390 714 454 787 τοῖς
490 708 682 790 Ακυλησίοις
715 708 819 778 πάντα
851 705 955 812 ἀπαίρ-

56 816 119 878 χειν
142 792 269 868 ἴκπλεα,
302 797 355 859 ναί
378 795 561 898 ἐπιτηδείων
585 793 757 896 ἀφθονίαν,
786 797 822 860 ἐκ
844 795 956 874 πολλοῖς

55 875 254 982 παρασκευῆς
280 881 322 978 είς
347 905 405 957 την
434 875 522 944 πόλιν
547 875 674 956 πάμτων
712 880 954 986 σεσωρευμένων,

57 955 116 1024 ὅσα
137 953 178 1058 ᾖν
194 955 374 1074 ἀχθροίποις
389 964 442 1028 καί
455 958 594 1065 κτήνεσιν
606 968 648 1036 εἷς
669 958 788 1068 τροφάς
805 963 860 1028 καί
872 958 954 1027 ποτά

56 1037 227 1122 ἐπιτήδεια·
256 1068 273 1107 ο
303 1047 335 1110 δὲ
349 1041 494 1146 στρατδς
521 1041 648 1110 πάντων
678 1039 791 1124 [ἦν]
773 1071 807 1110 εν
834 1039 954 1119 σπάνει,

57 1125 121 1188 τοῖν
144 1149 177 1189 τε
214 1123 421 1230 καρπόφάρων
452 1130 584 1236 δένδρων
619 1129 864 1234 έκκειχομμένων,
901 1129 954 1193 καί

54 1209 114 1287 τῆς
134 1209 192 1291 γῆς
220 1235 265 1274 υπ
301 1237 396 1277 αυτου
424 1214 619 1300 δεδῃωμένης.
669 1212 815 1313 μένοντες
836 1208 912 1276 δὲ’
891 1205 953 1274 υπδ
974 1203 1011 1282 4,

54 1294 182 1390 σκηναῖς
216 1289 443 1396 αὐτοσχεδίοις,
481 1303 511 1363 οἱ
536 1299 567 1361 δί
595 1291 774 1360 πλεῖστον’
754 1289 815 1358 vm>
848 1291 954 1394 χυμνιχχ

53 1376 99 1458 τιῖ
112 1370 206 1458 ἀέρι,
239 1375 366 1462 ὄμβρων
398 1403 432 1443 τε
458 1382 521 1450 καί
546 1375 633 1480 η’λίου
667 1375 865 1476 ἠνείχοντο,
876 1375 953 1457 λαιιῖ

53 1482 90 1525 τε
116 1459 345 1568 διεφθείροντο,
373 1465 475 1544 μηδί
479 1458 658 1536 έπειςάκτου
693 1459 811 1560 τροφοῖς
846 1455 950 1532 αὐτοῖς

54 1564 89 1606 τε
118 1545 170 1604 καί
161 1539 375 1652 ἀποζυχίοις
381 1547 630 1647 εἰςκομιζομένης
671 1539 873 1648 πανταχόθεν
889 1537 963 1624 χάρ

44 1619 110 1698 τάς
134 1623 191 1702 τῆς
208 1621 341 1701 Ἰταλίας
358 1624 447 1702 δδοάς
460 1619 747 1737 παραφρρῖξαντες
727 1651 807 1704 ησαν
819 1631 848 1690 οἱ
864 1624 950 1688 “-Ρω

50 1708 159 1788 μαῖον,
188 1711 325 1810 τειχίων
333 1733 367 1774 τε
392 1714 525 1813 έχέρσεσι
545 1737 597 1775 και
589 1712 750 1774 πυλίδων
776 1701 949 1786 ἀσκησεοιν.

51 1789 169 1891 ἀνδρας
209 1813 242 1855 τε
281 1790 494 1902 ἀπατευκὸτιχις
527 1795 695 1894 ἐξέπεμψεν
726 1821 746 1871 η
738 1782 990 1892 Σάχκλητος5

51 1868 109 1939 στίν
130 1875 301 1950 έπιλελιτοις
328 1902 379 1941 και
371 1873 566 1981 ’λυχνίσιν
546 1872 599 1940 απ’
618 1873 748 1950 Ἰταλίας
769 1869 871 1951 πάσης
892 1869 950 1938 ἀν-

49 1952 178 2037 δράσιν,
207 1953 243 2019 ἵν’
275 1963 406 2041 αἰχιαλοί
430 1984 464 2026 τε
488 1956 601 2033 πάντες
627 1963 681 2023 καί
707 1958 832 2060 λιμενες
851 1981 951 2058 φρου-

49 2065 210 2140 ρωνται,
214 2065 265 2104 και
258 2042 390 2122 μηδενί
411 2041 538 2118 ε”κπλους
558 2041 770 2148 συχχωρχῖται
807 2039 849 2114 οῖς
866 2037 950 2104 ἀπυ-

49 2147 109 2186 στα
128 2124 179 2186 καί
189 2119 331 2203 ἀμνωστα
347 2124 424 2190 εἶναι
436 2129 603 2227 χλίοξιμίνφ
622 2122 661 2190 τά
676 2129 709 2189 έν
709 2115 832 2224 Ρωμη
847 2148 950 2203 wout-

47 2200 178 2306 τόμεχα·
233 2213 323 2270 αἵτε
347 2204 495 2291 λεωφόροι
524 2207 590 2274 ὁδοί
619 2209 670 2273 καί
697 2203 832 2291 ἀτραποί
851 2205 951 2270 παῖσαι

47 2283 270 2389 ε’φυλάττοντο,
299 2287 342 2363 οῖς
365 2293 480 2390 μηδένα
506 2293 683 2375 διαβαίνειν
732 2292 950 2390 συνέβαινεὲ
917 2292 950 2351 δὲ

45 2367 105 2436 τάν
125 2367 276 2478 στρατὸνχ,
298 2373 456 2482 δοκριῖντα
464 2377 669 2476 πολιορκεῖν,
703 2367 797 2436 αὐτὸν
823 2376 949 2471 πρλιορ-

47 2457 192 2518 κεῖσθαι
242 2457 307 2520 έπεί
332 2451 407 2536 μη’τε
433 2451 491 2537 τήν
518 2454 705 2565 Λκτχληίαν
708 2458 781 2519 ἑλεῖν
808 2449 962 2530 έδάυατσ,

44 2533 127 2636 μήτε
155 2531 294 2612 ἀποστάς
317 2541 453 2647 ε’χτεῖθεν,
481 2541 532 2605 έπί
558 2536 616 2618 την
640 2533 769 2648 Ροίμηχχ
794 2537 947 2638 χωρῆσαι,

44 2614 98 2684 διά
131 2641 165 2682 τε
184 2621 268 2697 νηοῖν
287 2624 340 2685 καί
366 2616 529 2732 χῖχημάτων
557 2620 705 2703 ἀπορίαν·
747 2616 871 2686 ἅπαντα
889 2615 948 2704 χάρ

45 2705 292 2828 πρυκατείληπτχι
321 2707 375 2770 καί
403 2705 633 2770 συνεκέκλειστο.
685 2703 816 2805 φχῖμαι
823 2707 855 2770 δέ
860 2705 949 2804 μεί-
968 2696 989 2756 6

45 2786 164 2858 ζους’
131 2810 163 2858 ε,
175 2782 322 2888 ὑποψίας
342 2783 489 2892 ἀληθείας
517 2790 649 2854 ἐδίδοντο
660 2836 671 2864 ,
702 2787 751 2854 ὅτι
770 2787 832 2862 πάς
853 2814 869 2853 ο
860 2784 948 2865 66·

42 2893 104 2949 μος
133 2865 151 2931 6
175 2867 383 2973 Ῥωμαίων’
367 2896 401 2934 εν
428 2868 531 2946 ὅπλοις
559 2875 625 2972 εῖη,
656 2870 776 2938 Ιταλία
800 2894 832 2935 τε
861 2869 947 2934 πάσα

43 2947 302 3054 συμπεπνεχίκοι,
320 2949 425 3020 πάντα
452 2975 485 3020 τε
512 2953 590 3034 εθνη
615 2951 767 3061 Ἰλλυρικά
795 2979 846 3018 και
840 2947 947 3035 βοίρ-

41 3044 148 3136 βαρα,
168 3030 208 3099 τοί
230 3058 262 3099 τε
281 3033 334 3100 ἀπ’
353 3035 514 3112 ἀνατολαῖς
534 3065 588 3103 και
580 3039 806 3150 μεσημχίρίαις
816 3083 827 3112 ,
849 3059 946 3117 στρα-

42 3113 101 3182 τὸν
126 3113 261 3200 ἀχείρσι,
290 3118 348 3202 μιᾷ
372 3143 404 3184 τε
415 3116 600 3227 χνιίμη
556 3125 610 3187 καί
627 3142 711 3224 ψυχχη
735 3121 847 3224 ομοίως
867 3127 947 3182 Μα-

42 3204 161 3302 ξιμῖνος
191 3203 362 3302 μεμίσηται
412 3202 532 3269 ὁθεν’
516 3231 551 3268 εν
580 3203 752 3302 ἀποχνοίσει
784 3195 863 3308 6666
893 3202 947 3263 καί
1052 3277 1054 3281 Ι

40 3280 173 3348 πάντων
197 3279 311 3386 ρπάνει
335 3291 365 3350 οῖ
385 3289 590 3389 στρατιοῖται,
602 3281 743 3391 σχεδιίν
754 3287 805 3350 καί
835 3279 947 3356 ὕδατος

41 3363 152 3432 αὐτοῦ.
194 3363 212 3430 6
236 3366 295 3468 χάρ
320 3396 360 3478 ην
386 3366 480 3450 μόνον
499 3372 532 3438 ἐκ
560 3370 617 3434 τοῦ
635 3367 861 3474 παραρρέυχπος
887 3391 947 3440 πο·
969 3377 987 3438 7

41 3448 149 3532 ταμοῦ
172 3447 287 3527 ποτόν,
312 3458 420 3536 αἵματι
446 3456 498 3544 καί
507 3448 854 3598 φόνοιςχχιεμιασμίνον
879 3451 948 3514 ε’πί-

694 3556 714 3597 2
