2254 4130
167 197 211 262 ος
439 210 442 218 ·
471 135 780 248 monum

173 354 319 457 ιδφρανεί
333 374 368 420 τε
386 381 409 432 η
399 347 558 421 ’τοῦθ’
536 347 620 436 αρχη
640 348 677 416 ού
698 343 795 453 μόνον
814 347 920 456 ῦμιῗς,
949 347 1029 430 τούς
1049 356 1095 421 ἐν·
1072 349 1115 476 4

154 441 293 514 ταοθοῖ
327 436 607 538 δορυφοροῦντας,
650 430 726 500 οἷλλύ
758 437 812 501 καί
847 434 924 512 τοῦς
951 439 1009 502 ἐπί
1034 440 1094 512 ταῖς

178 528 294 634 ὄχθαις
319 520 382 592 νῦν
388 517 579 621 ποταμοῖν,
611 521 665 583 καί
684 515 758 594 τούς
779 520 831 584 ἐπί
848 522 925 620 τοῖς.
940 518 1031 605 ὅροις
1047 547 1097 598 της
1087 535 1116 624 4

179 600 399 712 Ῥωμαίων
378 603 480 708 αρχῆς
509 597 705 705 ίδρυμένοφς,
742 605 777 666 οἳ
791 600 852 704 τήν
870 607 986 706 πεῖραν
1009 601 1098 669 αὐτοῦ

120 721 125 730 ·
181 694 247 762 νῦν
262 689 360 790 ἔργον
379 687 536 792 φέρουσι
523 681 575 751 δαί
593 680 725 786 μνήμης
773 681 812 751 τό
831 712 867 751 τε
883 684 946 771 γὰρ
966 683 1116 791 Βύρβα

184 803 245 878 ρον
267 797 304 840 ου
312 795 489 873 γρημασιν
514 767 561 835 ἔτι
583 762 836 852 θεραπεύσομεν,
877 775 969 874 πείρᾳ
1001 767 1085 836 δέ
1061 797 1098 836 νιν

184 856 264 962 πρός
283 851 380 923 αὐτοῦ
399 847 578 921 πεπόνθασι
605 853 874 944 στρατηγοῦντος,
911 853 1006 939 φόβην
1025 852 1097 919 ῦπο-

261 941 372 1006 νται.“

147 949 285 1127 9τα-ξο’
275 1021 411 1128 Τοιαῦτρι
437 1015 476 1098 66
500 983 638 1120 λὲγοντος
667 1018 726 1086 τοῦ
748 1019 892 1096 Λαίτοιι,
929 1016 974 1120 μὴ
1004 1047 1098 1086 κατα-

189 1104 299 1216 οχιύν
307 1101 419 1170 ἐαατόν
448 1104 465 1168 6
491 1107 604 1185 δημος,
641 1097 839 1203 μελλόντων
840 1105 895 1168 καί
926 1101 1099 1204 ὀκνούντων

190 1195 236 1260 ε”τι
254 1189 318 1255 νῦν
337 1187 555 1290 στρατιωτῦν,
583 1179 745 1270 Σεβαστόν
764 1209 798 1250 τε
818 1183 1018 1297 ἀναγορεύει,
1051 1193 1098 1251 καί

190 1265 992 1456 νεανίαιν,’,γενείοις
1019 1267 1118 1420 621·

191 1385 232 1424 κα

193 1444 228 1507 ἐκ
253 1463 308 1504 τοο
294 1379 515 1540 ''6600'6106
515 1433 657 1538 πλὴθφος
677 1354 820 1524 ῦνοίγκη,
856 1433 984 1514 (καί
943 1463 1006 1535 γαρ
1025 1382 1099 1514 ἧίναν

194 1515 430 1624 πανταχόθεν’
411 1515 472 1584 υπό
492 1519 548 1584 τοῦ
567 1515 664 1621 δόμου
685 1503 942 1606 περιειλημμένον,
948 1517 1057 1620 όλίγοι
1071 1544 1100 1584 ιε

194 1610 247 1673 καί
263 1603 335 1671 ἄνευ
356 1602 420 1670 τοῦν
437 1596 554 1675 ’ν’πλαν,
575 1602 618 1678 τίς
636 1603 671 1668 ἐν
692 1603 875 1704 ίερομηνίμ,)
894 1599 977 1682 πλην
991 1609 1119 1685 συ.νεξ-

193 1685 347 1797 εβόησαν,
384 1712 435 1752 ναι
426 1681 613 1788 Σεβαστόν
637 1687 802 1789 προςεῖπον
824 1681 881 1750 τόν
887 1689 1119 1798 Περτίνακα’4

194 1778 238 1848 είς
258 1795 291 1836 τε
310 1794 348 1835 το
338 1765 520 1870 enemy*
501 1792 598 1851 ονομα
615 1793 689 1844 τους
712 1764 862 1847 συνήθεις
884 1764 1001 1852 ὅρκους
1018 1765 1119 1871 666-

195 1876 322 1930 οαντες,
353 1854 406 1916 καί
424 1845 598 1928 θύσαντες,
635 1851 904 1954 δαφγηφοροῦντες
922 1851 1029 1928 πῦςό
1049 1855 1099 1930 66-

193 1963 252 2023 μος
270 1939 323 2002 καί
340 1932 376 2002 τό
397 1931 618 2019 στρατιωτικόν
635 1930 853 2018 [ίνὴγαγον’
812 1931 911 2001 αυτόν
924 1940 970 2028 εἰς
986 1963 1029 2002 τα
1020 1933 1101 2022 βα

196 2025 310 2089 σίλεια

159 2129 175 2174 1
278 2021 386 2166 61st
376 2097 520 2202 Ἐπείπερ
552 2094 677 2208 ίδρύθη
698 2103 732 2168 ἐν
757 2098 797 2190 τῇ
826 2103 1003 2213 βασιλείῳ
1009 2104 1100 2185 ἑστίη,
1118 2047 1120 2140 ί

195 2187 261 2262 ταῖν,
279 2210 313 2253 τε
333 2210 531 2288 στρατιωτοιν
549 2187 602 2250 καί
621 2209 677 2251 του
663 2180 810 2266 δόμου,
848 2181 893 2259 64·
910 2186 1099 2289 προείρηται,
1119 2187 1120 2262 4

195 2267 317 2379 νύκτωρ
335 2263 572 2373 οἷναγαγόντοιν,
603 2271 754 2369 φροντίσι
762 2265 982 2350 μεγίσταις
939 2297 1002 2348 την
1024 2267 1101 2352 γνύ-

194 2381 257 2439 μην
271 2349 480 2466 ἐταράττετο
522 2347 604 2416 πάνυ
628 2375 662 2416 τε
679 2345 792 2425 αὐτόν,
832 2353 934 2418 καίτοι
952 2354 1100 2420 δοκοῦντα

195 2437 303 2539 φργῆς
329 2437 407 2502 εἶναι
432 2433 614 2542 ἐρρωμένης
629 2437 684 2500 καί
710 2429 789 2518 πρός
816 2429 923 2500 πάντα
938 2433 1102 2535 ἀνδρεῖον,

195 2516 236 2584 τοί
255 2514 395 2662 παρόντα
420 2519 541 2622 ἐφόβει,
576 2514 635 2623 οῦγ
653 2511 737 2586 οῦτω
762 2519 956 2674 ww*
913 2544 975 2598 της
993 2517 1102 2588 ἑαυτοῦ

196 2543 368 2681 σωτηρίῦίς,
403 2597 567 2680 (κινδύνοιν
583 2627 643 2685 γαρ
662 2605 717 2667 καί
734 2623 771 2702 με
798 2625 879 2666 ονοιν
899 2599 1086 2680 nomme*
1068 2631 1101 2682 ην

195 2601 468 2765 καταφρονήσῦς,)
495 2687 641 2787 ἐλογίζετο
667 2687 700 2751 δέ
724 2709 781 2762 την
805 2707 840 2749 τε
866 2688 1024 2788 αἰφνίδιον
1050 2689 1101 2766 τῆς

195 2767 374 2864 τυραννίδος
377 2763 585 2870 μεταβολήν,
602 2762 662 2871 την
681 2791 714 2836 τε
733 2769 768 2832 ἐν
785 2794 823 2856 τη
809 2765 1001 2866 συγκλήτῳ
1018 2780 1101 2836 Bov-

195 2850 232 2939 λη
244 2847 339 2914 τινοῖν
351 2845 516 2955 εὐγένειαν,
547 2847 602 2925 οῦς
618 2847 798 2918 ύποίπτευεν
815 2846 871 2916 οῦκ
890 2847 1099 2936 α’νεξομελιοος,

195 2929 283 3034 μετύ
294 2933 419 3016 βασιλέα
439 2929 652 3016 εὐγενέστατον
668 2930 734 3037 τνὶν
747 2927 850 3040 αἶργῆν
867 2938 1101 3016 μεταπεσοῦσαν

195 3023 239 3091 είς
260 3013 359 3119 ρ’ἷνδρα
378 3017 411 3088 ἐξ
426 3017 582 3082 ἰδιωτικοῦ
600 3021 656 3081 καί
670 3013 794 3117 ἄσημον
795 3018 918 3119 γένους
938 3019 993 3082 ἐπί
1012 3019 1100 3086 τοῦτο

153 3119 174 3161 2
196 3097 339 3167 ἐλθόντα.
380 3103 410 3163 εἰ
422 3094 489 3207 γαίρ
516 3101 569 3164 καί
586 3097 613 3163 6
635 3104 705 3184 βίος
722 3097 807 3183 αύτῳ
795 3095 877 3166 διοέ
852 3100 1099 3210 σωφροσύνην

194 3184 350 3280 ἐπῃνεῖτο,
379 3183 431 3247 καί
450 3179 489 3246 τοί
505 3183 539 3246 ἐν
555 3184 624 3256 ταῖς
644 3185 879 3284 στρατιφτιναῖς
898 3181 1050 3288 πράξεσιν
1065 3211 1098 3284 ην

192 3251 310 3344 εὐκλεῆ·
351 3261 423 3340 ἄλλ’,
451 3262 531 3330 ὅσον
552 3261 699 3366 εὐγενείας
724 3291 835 3372 γαριν,
867 3265 953 3332 πολύ
963 3269 1033 3334 τῦν
1050 3265 1099 3332 τύ-

191 3347 387 3454 πατριδων
385 3345 567 3414 ἀπελείπετο.
623 3346 742 3431 ἡμέρας
763 3343 823 3420 οῦν
849 3348 1096 3454 καταλαβούσης,4

133 3468 135 3472 -
187 3432 387 3514 κατηλθεν’
369 3435 422 3498 ταί
444 3428 482 3498 τό
510 3433 666 3517 συνεδριον
692 3433 751 3516 τῆς
777 3432 920 3513 Βοαλῆεν
960 3432 1035 3505 οὔτε
1061 3458 1091 3501 το
