2256 4134
141 165 201 230 186
436 159 738 224 HERODIANI

138 357 209 432 τρι,
238 327 347 396 καί”
316 353 342 394 ει
362 355 402 438 66
427 331 479 394 ε’πί
510 326 568 430 666
595 273 811 431 660666659’
794 329 927 412 επείγοι,
964 326 1040 414 πρός

136 411 196 492 666
216 417 320 496 χρείαν
350 410 398 477 αἰεί
422 436 479 476 του
487 407 585 512 πρός
603 406 643 476 τοί
665 413 817 512 καλοῦντα
837 415 952 495 ῥᾳδίως
976 441 1041 479 πα-

123 493 257 580 ρόντος.
299 496 377 600 μηδεΙ
401 519 449 595 τις
475 491 566 601 6666
591 496 706 561 οἰέσθω
739 495 802 560 των
821 499 1041 618 πεπραγμένων

136 750 171 845 οἱ
166 657 456 854 οἷδικρῦμενόι
405 742 598 822 απεΗστησαν
623 737 697 808 ῦλλοί
724 739 782 826 γύρ
811 745 888 808 ἔστω
914 739 1043 808 πόντων

134 826 330 938 οἷμγηρτία,
339 826 393 890 καί
417 830 547 891 σπονδαί
560 829 675 941 φιλίας
698 829 845 910 βεβαίου,
868 822 988 899 εὐνοίας
1008 849 1042 890 τε

135 913 189 974 καί
204 905 366 1007 εὐκοσμίας
385 909 487 981 πίστις
509 903 666 1008 6666669ss

95 1022 112 1080 7
222 987 357 1056 Τοιοῦτό
371 1015 442 1054 τινα
457 984 549 1055 είπαίν
568 989 587 1054 6
609 986 776 1071 Μόξιμος,
797 984 894 1100 γομοίς
912 1014 947 1055 τε
940 1015 1041 1099 χρη-

135 1071 244 1174 96666
279 1067 512 1156 μεγαλοφρόνως
546 1069 651 1171 αὐτοῖς
683 1075 888 1174 ἐπαγγείλας,
932 1069 1042 1173 ὀλίγων

135 1155 258 1239 ἡμεροῦν
275 1158 484 1256 ε’νδιατρίψας
510 1157 545 1218 66
547 1155 611 1254 τῇ
629 1151 799 1256 Ἀκυληίᾳ,
827 1152 884 1232 666
901 1159 933 1230 69
952 1149 1039 1220 Ρεό-

109 1307 112 1311 ,
136 1263 196 1320 μην
224 1233 372 1302 ἐπάνοδον
401 1238 567 1319 συγκροτεῖ.
618 1239 674 1340 καί
696 1235 731 1301 τό
759 1242 812 1319 μὲν
839 1236 920 1348 ρίλλο
940 1263 1040 1345 6696-

136 1318 280 1386 τιωτικόν
306 1317 486 1422 ἀπέπεμψεν
509 1321 540 1392 69
566 1343 599 1384 τε
627 1316 667 1384 τοί
696 1320 774 1399 ἔθνη
799 1323 854 1383 καί
880 1315 920 1384 τοί
942 1323 1039 1386 οἰκεῖα

137 1399 346 1505 στρατόπεδα·
391 1399 488 1476 αὐτός
508 1405 541 1468 δὲ
560 1402 778 1510 ε’πρινῆλβεν
762 1428 794 1476 ες
821 1398 879 1481 666
895 1398 1037 1484 Ροίμην,

135 1483 193 1552 σῦν
214 1509 247 1550 τε
266 1489 332 1559 τοῖς
350 1481 549 1587 δορυφόροις
541 1531 552 1560 ,
580 1489 613 1548 οἱ
626 1480 692 1586 666
705 1489 855 1568 βασίλειον
880 1485 1040 1568 φρουροῦ-

136 1595 185 1634 σιν
211 1565 349 1674 α’ρχήν,
349 1565 412 1632 666
439 1592 472 1632 τε
498 1569 562 1641 τοῖς
583 1563 644 1638 6666
665 1571 811 1669 Βαλβίνῳ
831 1570 1039 1669 οτρατευομε-

55 1659 113 1720 8
132 1677 207 1725 νοις.
248 1649 427 1728 ἐπανῆλθον
447 1653 503 1714 66
496 1653 549 1714 καί
566 1647 631 1716 οί
611 1644 673 1716 από
671 1653 869 1748 Γερμανίας
884 1647 1039 1728 ἐληλυθό-

133 1758 184 1808 τες
206 1730 373 1838 σύμμαχοι
415 1729 544 1832 ε’θοίρσει
561 1729 629 1833 γύρ
640 1729 743 1798 αὐτοι-ν
771 1733 811 1820 τῇ
837 1729 973 1830 εὐνοίᾳ,
969 1731 1039 1798 ἅτε

133 1819 186 1882 καί
205 1818 263 1881 τοῦ
286 1817 431 1924 ἔθραυς’
415 1815 561 1889 επιεικιῦς
571 1811 720 1922 πρότερον
739 1801 835 1917 ἄρξας
845 1863 855 1891 ,
879 1811 933 1880 ὅτε
946 1781 1040 1882 6666-

133 1923 229 1964 τευεν.
270 1894 391 1972 είςιόντι
410 1902 449 1963 δὲ
461 1895 546 1998 αὐτῷ
564 1903 595 1972 69
615 1894 674 1983 τόν
698 1895 826 1998 Ρεόμηυ
852 1893 871 1962 6
895 1921 931 1962 τε
950 1905 1039 1963 Βαλ-

132 1987 225 2082 βῖνος
237 1977 410 2059 ῦπήντετο,
410 1977 614 2090 ἐπαγόμενος
634 1977 802 2079 Γορδιανόν
809 1977 1040 2078 K666696·6

133 2090 166 2130 τε
178 2059 352 2167 Σύγκλητος
366 2065 441 2128 καίο
434 2063 553 2144 δῆμος
569 2060 783 2145 εὐφημοῦντες,
799 2057 899 2147 ὥςπερ
915 2073 1041 2148 θριαμ-

1 2208 2 2219 ,
117 2145 299 2233 .βεῦοντας,
318 2145 506 2252 ὑπεδέχοντο.

97 2259 110 2299 1
218 2224 525 2327 611611920666'
545 2254 599 2293 τοο
586 2227 729 2293 ”λοιποῦ
746 2228 802 2306 669
822 2223 940 2302 πόλεως
959 2224 1040 2310 μετοί

133 2310 237 2416 πόσης
261 2310 401 2386 εὐταξίας
421 2315 473 2375 καί
492 2308 672 2391 εὐκοσμίας,
698 2315 785 2412 ι’δίφ
779 2336 813 2375 τε
832 2315 898 2375 καί
905 2317 1038 2414 δημοσίᾳ

76 2417 79 2429 ’
133 2393 298 2499 πανταχοῦ
315 2391 552 2493 εῦφημούμενοι·
594 2393 706 2540 ἔχαιρέ
715 2417 749 2458 τε
768 2393 785 2458 6
806 2395 903 2475 δῆμος
920 2393 1036 2471 αὐτοῖς,

135 2475 554 2580 οεμνυνομευοςευπατριδαις
564 2482 617 2542 και
632 2475 668 2552 οἷξ
670 2481 723 2551 οις
732 2503 787 2554 της
804 2479 960 2560 βασιλείας
977 2475 1039 2578 66-

49 2563 66 2588 ²·
134 2557 347 2671 τοκρρίτορσιν.
396 2567 425 2625 οἱ
454 2563 556 2658 μέντοι
581 2561 769 2658 στρατιῶται
792 2562 957 2664 διοίδαινογ
978 2557 1038 2634 τός

133 2639 255 2750 φοχόρ,
274 2647 327 2706 καί
344 2642 414 2707 οῦτε
430 2645 499 2717 ταῖς
506 2632 679 2745 εὐφημίαις
697 2668 753 2708 του
740 2639 905 2746 66966'
885 2645 1037 2724 ηρί-οκον

134 2753 193 2803 το,
225 2719 390 2827 ε’βαροῦντό
415 2750 447 2790 τε
474 2723 579 2830 αὐξῶν
599 2723 697 2804 66666
716 2722 774 2804 τόν
793 2723 964 2827 εὐγένειαν,
983 2729 1042 2790 καί

133 2804 327 2916 ἠγανάκτουν
350 2805 399 2872 666
424 2807 487 2909 6966
512 2808 608 2920 ἔχοιεν
628 2813 661 2874 666
680 2805 856 2892 Σογκλητου
881 2813 1038 2909 βασιλέας.

93 2889 269 2966 τέλύπουη
292 2895 324 2956 66
349 2888 462 2972 αὐτηύς
490 2897 542 2959 καί
565 2898 593 2957 οἱ
622 2895 776 2974 Γερμανοί
809 2887 964 2992 παρόντες
990 2890 1038 2993 τῷ

133 2979 291 3077 Μαξίμῳ,
321 2974 352 3040 66
377 2997 411 3040 τε
437 2973 477 3062 66
503 2970 612 3063 Ῥοίμη
640 2979 854 3074 διατρίβοντες.
897 2971 1035 3085 666666-

134 3069 206 3134 λους
235 3056 317 3160 γύρ
327 3061 402 3133 ἕξειν
429 3043 569 3136 ἤλπιζον,
594 3061 626 3121 εί
645 3084 676 3122 τι
705 3057 854 3156 66696666,
883 3061 937 3122 καί
961 3062 1045 3138 ε’φεω

135 3139 249 3244 δρεόειν
277 3139 383 3215 αὐτοῖς
408 3137 610 3251 ῦπρόπτευον,
645 3144 675 3204 εἴ
705 3166 767 3204 τινι
802 3136 892 3241 δόλῳ
910 3138 1041 3214 α’ποζω-

136 3229 240 3292 σθείεν
264 3227 376 3327 666666,
407 3226 459 3288 καί
486 3219 541 3288 666
567 3218 716 3323 παρόντες
741 3220 892 3323 ῥᾳδίως
872 3249 1045 3289 υποκατα-

135 3312 256 3375 σταΐεν
305 3303 341 3372 τό
363 3331 396 3371 τε
418 3302 557 3405 Σεβηρρυ
585 3300 818 3406 ῦπόδειγμα,“
801 3331 835 3380 09
840 3303 926 3409 τοῦς
949 3317 1046 3389 Περ-

133 3385 282 3457 τίνακα’
263 3391 501 3494 αποκτείναυτας
518 3386 730 3470 ὐπεηζωσεν,
701 3387 791 3477 ειςόει
808 3386 934 3466 αὐτοῦς.
