2254 4130
114 206 116 214 '
171 209 555 284 Ηοετοιοῑοουοο
575 217 610 291 1,
637 177 686 284 ιο.
703 235 748 300 17.
871 233 914 302 ο,

12 383 152 490 ιρύουσα
179 383 321 466 άπίστη
354 373 372 452 δ
406 381 439 454 δὲ
468 375 638 470 Κόμμοδος
671 377 916 492 μεταπεμψᾶμλέ

11 500 62 549 νος
85 475 247 575 Λαῒτον,
246 467 302 535 τδν
328 468 463 571 ἔπαρχον
487 496 552 535 των
579 472 812 568 οτρατοπεδων,
832 469 915 537 Ὕκ-

11 551 114 621 λεατύν
132 578 182 634 τε,
211 550 267 619 τδν
295 551 353 618 τού
379 549 525 653 θαλάμου
553 553 753 655 προεστῶτα,
783 554 915 620 ε’κελευεν

11 638 95 724 αύτῳ
83 635 417 738 παραρκευασθῆναι
426 683 437 713 ,
468 632 512 710 οἷς
532 631 834 736 διανυκτερεύσων’
817 662 851 702 εν
871 663 916 741 τγρ

11 725 73 786 τῶν
102 717 291 828 μρνομάγων
326 722 524 828 καταγωγίῳ,
561 715 708 800 κάκεῖθεν
735 717 952 819 προελευσό-

10 829 102 884 μενος
117 807 168 870 ἐπὶ
183 830 244 880 τας
263 803 380 877 θυσίας
400 828 458 904 της
479 805 663 905 ἱερομηνίας,
684 799 728 876 αῖς
744 798 957 886 ἩΡωμαίοις

10 889 134 963 ἔνοπλος
151 885 283 990 ὀφθείη.
326 891 356 950 ολ
382 880 415 951 δε
444 885 578 951 ίκέτευον
605 889 658 948 καί
683 887 802 952 πείθειν
826 889 917 953 Ιἒπει-

10 966 283 1122 Μὲιίιίωὸ
286 965 836 1156 '31⁶30222032⁶2355213⁰52002
858 1009 917 1136 ,9.
938 1078 955 1126 .

10 1133 214 1240 οἷπεπέμψατο
224 1182 237 1212 ,
257 1132 352 1211 αύτδς
367 1132 399 1198 δὲ
419 1133 600 1200 ἐπανελθων
617 1141 662 1208 εἰς
685 1131 722 1200 τύ
735 1131 914 1236 δωμάτιον,

9 1219 51 1294 οἱς
66 1218 108 1298 δη
124 1215 340 1298 καθευδησων,
361 1216 473 1297 (και
434 1243 493 1302 γαρ
511 1219 702 1318 μεσημβρίας
722 1213 827 1284 εἰάθει
839 1219 916 1283 τού·

9 1329 42 1368 το
72 1305 213 1403 ποιεῖν,)
242 1299 346 1410 λρβων
374 1303 596 1403 γραμματεῖον,
631 1297 748 1366 τούτων
786 1297 832 1380 δὴ
850 1328 915 1366 των

9 1391 40 1450 ἐκ
76 1378 210 1487 φιλύρας
247 1390 292 1461 εἰς
325 1380 493 1461 λεπτότητα
528 1382 725 1489 ἠσκημένων,
760 1381 914 1488 ἒπαλλῆλιρ

8 1493 39 1533 τε
81 1465 248 1535 α’νακλάσει
291 1464 513 1571 ἀμφοτέρωθεν
554 1466 746 1570 ι’πτυγμεζσερ
757 1516 767 1560 ,
802 1465 915 1571 γράφει

9 1549 103 1658 ὅσους
126 1550 187 1636 γρή
214 1577 270 1630 της
297 1548 406 1626 νυκτδς
436 1551 637 1652 φονευθῆναι.
678 1575 721 1614 ων
736 1555 953 1655 πρωτημίνα

8 1627 45 1714 ἦν
72 1635 228 1737 Μαρκία,
257 1643 377 1701 είποντο
403 1637 436 1700 δὲ
460 1627 581 1707 Λαῐτός
600 1657 635 1697 τε
662 1631 751 1697 καῖ’
744 1642 913 1733 μίλιλεκτος

9 1722 58 1784 in?
72 1723 104 1784 δέ
118 1715 242 1793 τούτοις
258 1713 335 1783 πολύ
352 1717 474 1826 πλῆθρς
492 1743 554 1782 των
566 1742 624 1794 της
632 1711 808 1820 Συγκλητου
824 1743 914 1801 πρω-

8 1799 169 1900 τευάιτων.
227 1826 298 1875 τοις
325 1805 380 1885 μίν
405 1798 465 1886 γάρ
484 1799 743 1902 πρεσβυτέρους,
772 1803 824 1864 καί
847 1809 914 1866 λοι-

10 1883 88 1961 πούς
124 1881 291 1986 πατρῴορς
326 1887 431 1966 φίλους
470 1877 751 1948 α’ποσκευάσασθαι
792 1879 914 1961 πάντας

9 1965 142 2046 ἤθελεν,
177 1961 355 2049 αἰδούμενος
388 1968 462 2076 ἔχειγ
495 1966 632 2070 αῐσγρων
654 1965 750 2050 ε”ργωυ
785 1965 913 2076 ρεμνούς

11 2047 168 2126 ἐπόπτας
197 2051 261 2115 τοῖν
285 2052 318 2115 δὲ
346 2051 497 2117 πλουσίων
524 2075 582 2124 τας
595 2046 702 2124 οάσίας
721 2051 915 2155 χαρίσασθαι

10 2131 171 2218 ἐβούλετο,
172 2134 326 2234 μερίσαι
349 2157 384 2198 τε
412 2137 456 2209 εις
468 2157 542 2208 τους
564 2128 753 2234 οτρατιοίτας
772 2137 824 2197 καί
842 2131 915 2235 τους

10 2244 129 2322 μονομα
150 2217 276 2292 οὕντας·
306 2211 463 2300 τούςμίν
468 2263 481 2294 ,
519 2223 569 2282 ἵνα
592 2211 770 2300 φυλάττοιεν
803 2212 913 2284 αύεόν·

10 2300 156 2380 τούςδ,
175 2308 224 2366 ἵνα
245 2301 297 2402 τερ
299 2324 392 2365 ποιεν.

91 2379 234 2467 Γράψας
254 2325 297 2462 δη
322 2379 358 2450 τά
378 2385 600 2483 γραμματεῖον,
628 2384 753 2460 τίθησιν
783 2385 834 2447 ἕπῖ
857 2383 954 2451 τοῦδ

14 2469 200 2550 σκίμποδος,
221 2468 340 2545 οἰηθείς
358 2470 513 2567 μηδε’να’
496 2468 588 2567 εκεῖρε
608 2462 837 2540 εἰςελεύσεοθαι
878 2493 917 2546 ην

13 2555 43 2614 δὲ
63 2555 114 2616 καί
135 2553 257 2616 παιδίον
273 2546 354 2614 πάνυ
374 2575 496 2629 νηπιον,
516 2543 635 2614 τούτων
649 2543 687 2628 δη
708 2549 772 2613 ταῖν
791 2575 916 2634 γυμνων

15 2637 64 2714 μίν
84 2633 243 2712 ἐσθῆτος,
265 2631 371 2744 γρυσῷ
396 2636 428 2698 δί
454 2637 508 2704 καί
530 2635 631 2706 λίθοις
661 2635 836 2715 πολυτίαοις
863 2656 916 2696 κε-

14 2719 231 2819 κοσμημάτων,
257 2719 302 2790 οἷς
323 2713 367 2780 άει
361 2719 529 2820 χαίρουσι
547 2714 758 2816 Ρωμαίων
729 2739 758 2779 οι
771 2741 954 2819 τραφων-

13 2824 69 2874 τες.
89 2793 275 2903 ὑπερηγάπα
295 2801 327 2864 δὲ
343 2795 420 2864 αύτδ
441 2793 612 2905 Κόμμοδος,
634 2823 678 2873 ως
697 2797 917 2901 συγκαθεύδειν

15 2879 171 2957 πολλάκις
211 2877 439 2984 Φιλοκόμμοδάς
473 2905 507 2946 τε
541 2883 689 2984 ἐκριλεῒτρ,
721 2877 916 2960 δεικνυούσης

15 2970 64 3031 καί
83 2967 146 3046 τῆς
165 2967 382 3070 προςηγορίας
399 2963 456 3071 τήγ
476 2991 607 3049 οτοργην
631 2991 691 3045 την
709 2969 752 3038 εἰς
771 2991 825 3030 τον
840 2967 915 3028 παῖ·
952 2997 957 3006 ·

15 3054 51 3114 δα
70 3049 128 3116 τοῦ
147 3053 305 3148 βασιλέως.
346 3074 382 3116 το
374 3045 442 3130 δη
462 3053 583 3116 παιδίον
602 3050 694 3114 τοῦτο
712 3047 809 3122 άλλως
829 3041 916 3112 α’θύ-
935 3062 957 3122 4

14 3157 82 3216 ρον,
114 3127 324 3236 προελθόντος
358 3159 414 3199 του
448 3130 613 3216 Κομμόδοο
646 3135 697 3196 ε’πί
716 3129 763 3193 τά
792 3125 917 3232 ρυνήθη

14 3213 123 3304 λουτρά
150 3239 185 3280 τε
212 3219 266 3280 καί
295 3211 501 3322 κραιπάλας,
517 3215 679 3300 εἰςδραμον
706 3219 748 3286 εἰς
767 3236 821 3278 τον
848 3207 916 3278 θά-

14 3306 123 3381 λαμον,
156 3295 259 3382 οἵςπερ
291 3296 415 3373 εἰώθει,
465 3296 501 3365 τά
537 3298 741 3399 γραμματεῖον
777 3299 828 3362 ἐπὶ
860 3321 916 3362 του

15 3385 217 3488 σκίρποδος
198 3387 333 3465 κείμενον
350 3377 527 3485 άνελόμενον
535 3431 545 3461 ,
575 3391 623 3448 ἵνα
650 3375 689 3458 δη
710 3377 864 3454 uultur*
843 3403 920 3483 εγοι,1
952 3459 955 3464 ,

16 3491 130 3550 προειοι
157 3465 217 3534 τού
239 3469 352 3536 οἴκοιο·
383 3461 463 3533 κατά
487 3469 521 3534 δὲ
545 3491 613 3534 τινα
644 3463 792 3547 δαίμονα
804 3459 924 3543 ουνήν
949 3471 961 3494 '
