2256 4134
233 191 598 254 HISTORIARVM
626 191 719 269 vm,
742 192 771 253 6.
909 195 964 254 ιθι

27 375 129 443 χεσι
160 359 227 432 τοῖς
251 353 457 459 Ἀκυλησίων,
476 353 674 457 άχχελλοντες
702 351 758 421 τίν
787 350 882 437 φόνον
905 357 965 422 τοῦ

59 444 255 522 Μαξιμίνοα·
305 436 364 514 τάς
386 445 419 506 δέ
442 435 540 514 πάλας
566 438 698 541 άνσίχειν
725 437 848 518 ἠξίουν,
874 441 960 520 δέχε-

61 529 143 589 σθαί
167 548 201 588 τε
227 524 332 604 φίλους
362 517 437 595 τοάς
460 525 541 623 χθές
566 518 712 624 ἐχθρούς.
770 529 799 586 ολ
835 523 867 587 δέ
893 549 977 600 τωνΙ

58 603 250 713 :Akanoa'wv
279 607 443 688 στρατηγοί
467 600 525 679 τάς
539 610 606 706 μέν
628 600 726 680 πάλας
753 602 872 680 άνάξαι
899 601 957 670 οάκ

57 691 249 796 ἐπέτρεψαν,
270 690 440 786 προθέντες
458 692 490 752 δι’
508 683 567 762 τάς
591 683 710 762 εἰκόνας
735 691 883 788 Μαξίμου
904 689 958 751 καί

56 769 232 872 Βαλβίνου,
258 771 433 874 Γορδιανρῦ
456 794 490 834 τε
518 771 695 874 Καίσαρος,
714 767 886 871 στεφάνοις
904 773 958 835 καί

57 849 191 952 δάρναις
226 853 470 954 κεκοσμημένας,
500 849 591 916 αὖτοί
623 875 657 915 τε
690 848 866 962 εὖφχὶμουν,
903 855 958 920 καί

58 961 132 1009 τους
159 960 352 1044 στρατιωτας
378 933 480 1012 ἠξίουν
494 937 640 1017 χνωρίσαι
663 937 716 999 καί
734 933 882 1011 οἶνειπεΐν,
902 929 955 1000 εὔ,-

57 1017 200 1100 φημησαί
212 1040 246 1081 τε
264 1012 337 1090 τοδς
353 1042 414 1082 υπο
436 1015 603 1098 Ῥωμαίων
627 1012 803 1117 Σρχκλὴτου
830 1017 954 1082 α’ναδει-

55 1103 192 1186 χθέντος
218 1095 459 1212 αὐτοκράτορας.
498 1095 686 1198 Γορδιανιδς
712 1103 744 1164 δέ
748 1099 892 1205 ελεχον
876 1105 954 1166 εκεί-
972 1089 994 1168 '3

55 1208 138 1256 νους.
148 1187 190 1256 εις
209 1179 340 1288 οὖρανδν
360 1187 413 1246 καί
431 1177 508 1245 θεδν
510 1157 812 1282 άυακεχωρηκέχαι.
852 1183 953 1265 προδ-

54 1261 159 1330 θεσάν
183 1288 217 1328 τε
223 1264 323 1364 ὑπέρ
349 1265 412 1363 τρλν
436 1264 542 1349 τειχῶν
576 1259 709 1348 άχοράν,
737 1263 827 1329 ὤνιον
854 1267 953 1350 παρέ-

53 1371 181 1445 ww&
187 1343 313 1457 πάντων
338 1347 401 1411 ταῖν
428 1349 622 1445 ε’πιτηδειων,
657 1371 783 1448 τροφων
808 1370 843 1412 τε
869 1375 952 1411 παν-

52 1428 198 1496 τοδαπων
228 1434 282 1495 καί
312 1455 418 1496 ποτων
450 1425 607 1531 οἷφθονίαν
618 1477 630 1505 ,
663 1425 800 1508 ἐσθῆτάς
832 1454 865 1495 τε
899 1434 953 1494 καλ

52 1507 278 1614 ὑποδημάτων,
306 1515 359 1576 καί
386 1509 445 1578 ὅσα
472 1509 599 1578 ε’δάνατσ
630 1514 784 1612 παρέχειν
799 1518 842 1587 εἰς
869 1513 951 1596 χρῆ-

53 1623 104 1662 σιν
124 1592 305 1705 ἀνθρώποις
330 1591 417 1668 πόλις
441 1591 660 1695 ευδαιμρνοῦσα
685 1599 738 1658 καί
763 1592 950 1694 άκμάζουσα.

53 1678 130 1744 ὅθεν
158 1683 210 1741 καί
232 1679 343 1778 μάλλον
361 1674 560 1784 ἐξεπλάγη
542 1703 558 1742 ο
587 1673 737 1788 στρατός,
778 1683 875 1753 συνείς
902 1674 990 1745 ὅτι4

52 1765 118 1835 τοῖς
137 1765 191 1841 μέν
211 1757 312 1824 πάντα
331 1757 470 1871 αὐτάρκη
487 1788 546 1861 ην,
576 1765 604 1824 εἰ
626 1765 678 1826 καί
705 1763 754 1824 έπί
782 1763 871 1826 πλέον
891 1786 951 1826 πο·

50 1845 234 1941 λιορκοῗιτο,
259 1841 349 1907 αὐτοί
368 1846 437 1908 δέ
421 1870 454 1908 εν
481 1839 589 1908 σπάνει
607 1840 733 1908 πάντων
762 1844 824 1916 τῶν
842 1847 950 1921 ἐπιτη-

52 1931 142 1992 δείων
165 1925 286 1991 θάττον
287 1923 561 2031 διεφθάρησριν,
570 1925 591 2005 ἢ
615 1929 691 1992 εἷλον
727 1921 831 1992 πάντα
857 1925 949 2010 έχου-

51 2036 112 2074 σαν
141 2004 236 2111 πόλιν.
278 2006 297 2071 δ
322 2013 354 2072 δέ
382 2006 550 2111 στρατδς
540 2008 624 2091 ἔμενε
652 2003 740 2113 παρά
764 2013 830 2083 τοῖς
850 2014 948 2109 τείχε-

52 2120 121 2166 σιν,
150 2089 229 2174 έχων
262 2085 304 2155 τοί
338 2098 469 2199 χρειωδη
485 2140 496 2168 ,
528 2087 607 2192 άπερ
640 2089 702 2158 dud
739 2116 801 2154 των
838 2089 948 2196 τειχων

50 2172 243 2276 ἐλάμβανον,
270 2171 328 2238 ὅσα
358 2178 486 2249 έλιαστος
510 2170 667 2258 ε’βοάλετο
725 2173 886 2276 διελέγοντό
913 2197 946 2238 τε

49 2255 197 2335 ἀλληλοις.
235 2256 288 2322 καί
311 2251 352 2335 ἦν
378 2254 497 2341 εἰρήνης
522 2261 577 2340 μέν
610 2261 664 2323 καί
699 2260 799 2356 φιλίας
835 2253 946 2322 διάθε-

50 2367 115 2444 σις,
144 2339 247 2449 σχῆμρι
273 2339 349 2405 δί’
327 2366 372 2404 ετι
397 2345 587 2450 πολιορκίας,
612 2341 675 2405 τοῖν
695 2365 805 2422 τειχων
832 2347 946 2404 κεκλει-

50 2425 185 2525 σμένων
188 2426 240 2486 καί
258 2423 316 2487 τοῦ
334 2426 469 2526 στρατοῦ
475 2415 562 2526 περί
578 2452 657 2489 αυτα
650 2421 917 2530 διαιτωμένου

47 2585 161 2691 οἶδ

46 2667 112 2736 άπδ
137 2672 194 2750 τῆς
217 2669 400 2781 Ἀκυληίας,
435 2592 641 2774 ὁδοιπδρησάν
667 2696 701 2736 τε
727 2667 805 2754 μετοί
832 2669 947 2776 πάσης

46 2755 204 2830 ἐπείξεως,
230 2758 282 2818 καί
310 2757 509 2838 ἐπιφοιτωσιν
536 2753 652 2830 αὐτοῖς
667 2751 726 2832 τοίς
749 2750 858 2832 λοιπάς
885 2753 947 2822 πά·
1019 2786 1021 2792 ’

46 2845 109 2912 λεις
134 2833 225 2902 πάλαι
246 2835 439 2918 άνοίγνυντο,
463 2841 515 2905 καί
543 2839 812 2945 δαχυηφορουντες
832 2835 946 2914 αὐτοάς
1046 2881 1053 2893 ,

48 2947 78 2986 οι
72 2920 191 3002 “δημοι
200 2917 398 3030 ὑπεδέχοντο
440 2950 483 2998 ως
502 2925 533 2988 δέ
553 2924 728 2990 διέπλευσαν
754 2919 813 2997 τάς
840 2946 873 2986 τε
899 2925 945 2985 λί-

47 3029 175 3088 μους
157 3007 209 3067 καί
232 3028 343 3086 τεναχη
371 3005 482 3087 μεταξδ
509 3003 647 3070 Ἀλκίνου
677 3010 728 3072 καί
761 3004 943 3108 Ραβείινης,

46 3111 229 3188 περιετυχον
263 3090 398 3192 Μαξίμῳ
410 3087 679 3192 αὐτοκράτορι,
645 3091 876 3170 ,διατρίβοντι
912 3088 944 3150 έν

46 3169 234 3280 Ιάβέννη··
258 3170 336 3238 ἔνθα
363 3169 437 3248 τούς
466 3197 498 3237 τε
523 3197 585 3240 απι
621 3167 738 3250 Ροίμης
772 3172 957 3252 ε’πιλέκτσυς

48 3258 102 3318 καί
109 3277 195 3330 τους
214 3249 276 3319 άπδ
294 3257 351 3336 τῆς
369 3255 501 3330 ίταλίας
519 3250 647 3353 λογάδας
674 3253 828 3360 ᾔθροιζεν.
870 3249 945 3333 α’φῖ-
965 3254 984 3313 6

48 3363 105 3403 κτο
137 3340 170 3402 δέ
197 3363 284 3412 αυτω
313 3343 365 3406 καί
392 3340 582 3441 Γερμανων
586 3360 642 3402 ουκ
668 3331 750 3437 δλίχη
780 3338 949 3444 συμμαχία,

48 3418 230 3506 πεμφθεῖσα
258 3401 369 3488 άττΗ
329 3423 433 3491 αυταῖν
458 3449 517 3490 κατ
540 3419 685 3496 εὔνοιαν,
717 3415 851 3506 νῖυείχον
870 3442 950 3503 προς
