2256 4134
226 226 946 302 HIST'O'RIARVM'IV,11.105

44 389 207 476 πανταχοῦ
225 391 354 460 ’θυσισῖν
380 388 467 493 αύτῷ
492 391 744 502 προςαγσμίνωγ,
782 388 898 476 βωμοῖν
915 413 948 455 τε

44 479 251 559 ἐστεμμέναι,
287 471 461 560 α’ρωαοίτιον
486 479 539 545 καί
566 470 775 556 θυμιαμάτων
794 478 949 540 παντοίων

44 563 316 660 προςφερομίνων,
357 563 474 643 χαίρειν
507 563 572 633 τοῖς
606 561 771 659 γινομένοις
798 553 861 622 ύπό
885 559 950 622 τοῖν

40 635 228 726 Βαρβάρων
229 645 454 742 προςειισιεῖτσ.
496 667 540 716 ως
560 642 591 708 66
611 635 836 744 προχωρνίσας,
864 637 900 705 τό
918 663 951 706 τε

41 729 182 792 πλεῖστον
201 727 260 828 τῆς
278 720 492 808 όδσιπσρίας’
471 722 605 801 αιύσας,
633 729 694 803 ηδη
710 750 776 799 τοις
789 729 951 826 βασιλείοις
1051 769 1057 790 ι

42 809 100 874 τοῦ
116 805 315 911 Αρταβύνσυ
342 811 535 886 ἐπλησίαζεν,
574 805 629 874 σύκ
650 805 853 912 ἀναμείναςό
871 804 950 890 Αρ-

44 888 180 976 τόβανος
201 888 353 970 ύπῆντετο
381 890 465 974 αύτῷ
485 895 517 957 ἓν
541 892 586 976 τῷ
606 889 666 991 πρό
687 892 743 968 τῆς
761 887 875 966 πόλεως
893 914 951 956 πε-

44 979 114 1078 δίιμ,
152 971 338 1077 δεξιούμενος
361 978 492 1057 νυμφίον
511 980 548 1078 ρέ
550 1003 566 1039 ν
585 975 643 1053 τῆς
663 970 837 1072 θυγατρός,
867 1000 951 1074 γαμ-

45 1055 122 1161 βρόν
146 1064 180 1126 δὲ
202 1057 307 1124 αότσῦ.
350 1059 414 1123 πᾶν
434 1061 466 1124 δι’
485 1083 521 1123 το
543 1057 662 1133 πλῆθος
681 1057 745 1122 τῶν
758 1066 951 1168 Βαρβαρων,
973 1061 991 1120 3

43 1140 158 1208 ἄνθεσι
183 1146 248 1217 τοῖς
266 1144 439 1226 ἐπιχωρίοις
459 1143 715 1244 γατεστεμμίνσν,
751 1143 864 1219 ε’σίλῆτι
877 1115 951 1220 [τε]

44 1225 151 1309 χρυσῷ
170 1251 224 1290 και
217 1229 357 1324 βαφαῖς
378 1222 536 1327 διαφόροις
555 1224 802 1326 πεποικιλμιᾝνσν
813 1221 951 1326 ἑώρτα-

46 1311 90 1381 ξε
142 1305 230 1418 πρός
252 1333 287 1373 τε
318 1306 428 1382 αὐλούς
454 1310 508 1373 καί
538 1304 683 1391 σύριγγας
716 1305 892 1413 τυμπάνων
919 1330 953 1372 τε

44 1390 140 1495 ἤχους
146 1395 312 1494 ἐσκίρτων
337 1388 512 1494 εὐρύθμως.
554 1394 696 1492 γαίρσυσι
720 1389 779 1475 γὰρ
805 1386 954 1469 τοιαύτην

46 1473 114 1540 τινοί
142 1474 275 1574 ὄρχησιν
300 1471 490 1576 κινούμενοι,
519 1472 597 1540 ἐπολν
625 1477 707 1539 οίνου
735 1477 912 1560 πλείονος’
896 1501 953 1554 εμ-

47 1560 242 1668 φορηθσῖσιν
284 1584 327 1632 ως
355 1563 387 1623 δὲ
415 1559 480 1624 ποῖν
505 1558 640 1637 συνῆλθε
665 1582 701 1623 τσ
693 1556 860 1635 πλῆθος,
890 1558 1034 1621 τοῖνίι

46 1664 78 1705 τε
96 1650 203 1707 ἵππων
220 1638 400 1720 όπίβησαν,
438 1645 594 1744 φαρέτρας
612 1663 646 1704 τε
664 1665 716 1705 και
709 1638 808 1716 τόξα
831 1639 954 1705 6⁷:006-

46 1733 145 1805 μενοι,
183 1727 253 1810 περὶ
273 1721 418 1825 „oxomae
448 1730 502 1790 καί
527 1722 653 1798 κύλικας
678 1725 768 1808 εἶχον.
816 1727 955 1788 πλεῖστον

46 1811 77 1872 δὲ
96 1809 221 1887 πλῆθος
243 1808 304 1872 ταῖν
317 1805 503 1916 Βαρβάρων
521 1807 694 1907 ἤθροιστο,
732 1811 786 1873 ιιαι
808 1835 852 1882 ως
882 1808 953 1873 ἕτο-

48 1915 99 1974 γεν
125 1888 273 1967 οἷτοίκτως
299 1888 494 1992 είρτύκεσαν,
532 1889 618 1957 σύδίν
645 1889 742 1974 μίν”
720 1917 838 1958 ατοπσν
858 1916 955 2000 πρρς-

48 1975 217 2049 δοκοῖντες,
258 1970 397 2085 ρπεύδων
419 1978 495 2040 δὲ’
475 2000 615 2077 εκριστσς
631 1979 703 2040 ἰδεῖν
730 1972 785 2040 τόν
815 1979 955 2058 νυμφίον.

49 2054 116 2122 τότε
139 2053 196 2140 όφ
224 2060 270 2122 ε’νί
299 2062 407 2142 σημείῳ
435 2055 589 2123 κελεύει
571 2081 594 2122 ο
606 2055 793 2160 Ἀντωγῖνος
821 2087 864 2142 τῳ
893 2059 996 2138 ι’δίῳ5

50 2143 176 2246 στρατιῇ
201 2143 395 2242 ἐπιδραμεῖν,
433 2144 486 2208 καί
507 2136 644 2225 φονεύειν
663 2139 737 2216 τούς
755 2119 956 2254 Βαρβύρους.

50 2226 248 2328 ἐκπλαγέντες
266 2229 306 2290 δὲ
319 2223 365 2307 τῷ
389 2221 571 2329 πράγματι,
604 2222 766 2326 παιόμενοί
781 2248 816 2289 τε
835 2229 890 2289 καί
907 2250 957 2289 τι-

51 2305 256 2410 τρωσκόμενσι
274 2308 498 2410 τ’τροίπσντσ.
495 2304 591 2383 αὐτός
611 2319 643 2374 ’τε
658 2302 872 2411 Αρτοίβανσς,
896 2305 958 2392 ἆρ-

51 2397 172 2496 παγείς
185 2387 247 2455 ύπό
273 2417 341 2456 των
363 2395 435 2493 περί
459 2389 554 2459 αὐτόν
556 2388 782 2501 δορυφόρων,
817 2399 900 2473 ἵππῳ
923 2414 959 2457 τε

49 2476 222 2552 ἐπιτιθείς,
235 2472 377 2576 οἶπίδρα
397 2470 482 2557 μόλις
501 2471 565 2577 μετ’
585 2473 704 2580 ὀλίγων.
745 2472 782 2540 τό
805 2481 836 2542 δι’
855 2471 960 2542 λοιπον
981 2474 1000 2535 6

50 2559 171 2664 πλῆθος
189 2552 335 2624 ἐτύπτετο
355 2559 420 2622 τοῖν
437 2553 633 2660 Βαρβάρων,
667 2557 736 2623 οὕτε
756 2554 829 2634 τούς
848 2565 964 2635 ἵππους

51 2639 204 2752 ἐγόντων,
241 2643 287 2717 σίς
294 2641 446 2750 γραῖνται
464 2645 612 2726 μαλιστα,
640 2639 753 2726 (οἷπσβε
777 2639 884 2722 ηκότις
900 2641 962 2747 γολρ

50 2721 248 2804 εἱστήκεσαν,
281 2721 403 2798 όνίντες
424 2727 556 2799 ἐκείνους
579 2653 836 2830 γε’μεσθαι,ς’

51 2834 97 2893 μορ
115 2805 320 2910 χρήσασθαι
322 2809 517 2919 δυναμένων
527 2803 606 2893 πρός
624 2807 724 2911 φυγήν
732 2858 743 2887 ,
781 2807 962 2910 ι’μπσδιζού

51 2917 107 2970 σης
134 2887 252 2966 αύτούς
280 2891 337 2969 τῆς
366 2893 438 2993 περί
465 2894 529 2992 τοῖς
555 2895 629 2957 ποσί
656 2889 790 2998 χαύνσυ
806 2894 959 2971 ἐσθῆτος·

50 2975 207 3076 φαρίτρας
231 2978 263 3040 δὲ
287 2978 340 3039 καί
366 2970 442 3050 τόξα
467 2971 524 3040 σόα
553 2975 649 3059 είχσν·
693 2980 726 3044 τί
728 2974 809 3080 γόρ
837 2976 976 3076 ἔγργζον

52 3056 152 3124 αύταῖν
180 3055 260 3158 πρός
281 3053 417 3158 γοίμσυς,·
454 3053 549 3124 πολύν
569 3063 638 3125 δὲ
620 3056 863 3142 εργασύμενσς·σ
893 3069 962 3122 Αν-
982 3072 999 3132 7

50 3145 178 3218 τωνῖνσς
197 3137 293 3224 φόνον
313 3141 377 3206 ταῖν
395 3137 593 3246 Βαρβύρριν,
622 3146 704 3207 λείαν
721 3166 754 3206 τε
773 3144 826 3206 καί
845 3145 963 3241 αἰχμα-

52 3221 167 3300 λότους
187 3227 386 3324 παμπληθεῖς
407 3222 584 3303 συλλαβύν,
613 3220 722 3327 όπῂει,
754 3219 882 3305 μηδενός
904 3220 963 3288 αύ-

52 3335 106 3409 vqs
129 3307 349 3382 α’νθεστιῖτσς·
401 3305 533 3411 κόμας
534 3333 568 3374 τι
596 3309 650 3373 καί
676 3304 777 3381 πόλεις
806 3307 965 3416 ε’μπιπρρῖν

56 3389 126 3466 δούς
144 3394 288 3468 ἐξουσίαν
306 3392 369 3467 τοῖς
398 3388 623 3496 στρατιοίταις,
643 3384 803 3494 α’ρποίζ
762 3413 808 3457 ειν
825 3413 865 3464 τε
891 3395 966 3456 ἕνα·

59 3500 147 3556 στσν,
169 3501 186 3542 σ
172 3471 334 3544 δύναται
349 3478 402 3542 καί
418 3473 436 3542 6
453 3472 596 3562 βούλεται
612 3470 727 3550 αύτοςς
744 3470 935 3556 κτήσασθαι.

798 2727 870 2795 οὔτε
888 2725 961 2830 δρό-
1025 2775 1030 2784 .
