2256 4134
213 272 271 335 156
511 265 817 330 HERODIANI

211 463 287 520 ματι
301 431 528 544 προύχόντων,
564 427 617 507 ούς
641 433 833 534 ε’δοκίμαζον,
867 427 949 498 κατά
976 459 1037 512 την
1054 448 1105 514 ψη-

136 567 138 570 ,
212 516 380 620 φσφορίαν,
410 510 547 615 ε’χόντων
572 539 625 580 και
616 513 741 579 άλλων
761 509 908 615 ψήφους,
943 519 1107 616 διακριθεν

213 603 286 670 οεόν
297 622 331 666 τε
358 601 411 666 καί
437 597 494 666 τοό
519 599 658 664 πλείστου
675 596 732 676 τῆς
751 593 895 699 γνώμης
918 593 1069 679 Μάξιμόν
1083 619 1108 660 τε

213 687 267 751 καί
291 685 446 790 Βαλβῖνον
469 677 664 755 οἷνειπόντες,
702 677 936 786 αὐτοκράτορας
961 683 1110 770 ἐποίησαν.

174 773 196 832 4
215 759 417 836 τούτωνδ’
397 793 436 844 ην
454 789 470 830 ο
462 761 566 866 μὲν,
591 761 754 864 Μάξιμος,
777 763 808 830 ἔν
827 787 861 830 τε
879 766 1006 838 πολλαῖς
1025 789 1111 865 στρα-

213 845 389 918 τυπίδων
367 849 478 934 αρχαΐς
493 843 667 950 χενόμενος,
694 848 751 925 τῆς
766 870 801 912 τε
818 845 989 950 Ρωμαίων
1006 843 1110 918 πόλεως

215 932 349 1038 ἔπαρχος
369 928 545 1008 καταστάς,
572 927 803 1036 άνεπιστρόφως
824 953 857 996 τε
876 929 997 1030 άρξας,
1019 933 1071 994 καί
1085 932 1113 992 ἐν

214 1017 368 1098 ύποληψει
384 1010 471 1118 παρά
487 1021 555 1104 τοῖς
575 1013 677 1116 ὄχλοις
697 1037 817 1098 φρενων
838 1036 873 1078 τε
890 1017 945 1078 και
947 1007 1113 1117 οἶχχινοίος

217 1103 270 1167 καί
288 1101 358 1176 βίου
380 1093 555 1207 σώφρονος·
596 1095 615 1164 ό
636 1099 668 1162 δέ
685 1099 855 1198 Βαλβῖνος,
887 1092 1049 1181 γενόμενος
1067 1097 1115 1197 μὲν

216 1181 419 1286 εὐπατρίδης,
458 1187 501 1257 εἰς
531 1183 674 1289 δευτέραν
705 1185 737 1247 δὲ
768 1177 918 1246 ύπατείαν
956 1175 1112 1284 ε’ληλακύς,

216 1268 324 1334 ἔθυόν
336 1290 368 1332 τε
382 1259 572 1375 ἡγησάμενος
591 1263 773 1348 α’μελιπτως,
798 1289 833 1330 το
825 1259 881 1332 δ
899 1258 986 1344 ηθος
1005 1259 1114 1330 άπλού-

177 1357 334 1436 samoe.
392 1349 450 1430 τῆς
478 1345 534 1416 ούν
560 1351 747 1452 χειροτονίας
775 1349 853 1414 εκειν
875 1375 891 1422 ς
924 1344 1120 1426 άνειπούσης

216 1435 371 1510 Σεβαστοί
394 1456 429 1499 τε
448 1430 729 1536 μ’νηχορεύδησαν,
764 1433 817 1498 καί
835 1377 952 1506 πίίσαις
972 1435 1039 1506 ταῖς
1040 1441 1112 1532 βα-

220 1521 346 1592 οιλιάαῖς
374 1541 476 1600 τιμαις
503 1545 524 1597 η
550 1513 725 1602 Σύχκλητος
750 1511 803 1582 διά
830 1513 983 1602 δόγματος
1010 1509 1120 1588 αὐτούς

217 1598 393 1708 ἐκόσμησεν.
495 1635 497 1640 ·
1119 1649 1120 1658 ,

312 1687 392 1754 Οδί
312 1684 525 1788 Οδῆμος,
556 1679 676 1752 τούτων.
697 1687 732 1750 ἒν
752 1711 803 1784 τῳ
785 1651 1004 1768 ”Καπετωλίῳ
996 1695 1115 1785 πρατ-Ι

218 1769 374 1852 τομενων,
411 1773 470 1834 είτε
488 1765 708 1873 ύποβαλόντων
727 1795 820 1834 τινων
837 1749 1011 1850 Γορδιανόό
1030 1770 1120 1868 φίλωνρ

220 1879 275 1920 και
267 1853 430 1927 οἰκείων,
463 1855 522 1918 εἴτε
540 1851 662 1953 γνόντες
680 1848 741 1918 ύτιό
762 1847 894 1953 φήμης,
920 1846 1115 1954 παρειστήκε-

223 1961 282 2002 σαν
298 1936 366 2009 ταῖς
383 1931 513 2010 πύλαις,
546 1930 714 2035 φράξαντες
733 1933 837 2000 πάσαν
857 1961 914 2011 την
935 1939 979 2009 εἰς
996 1929 1034 1998 τδ
1054 1943 1114 1998 Ka·
1100 1937 1120 2014 -ί

212 2011 368 2083 ’πετάλων
394 2015 505 2084 ὄνοδον
530 2019 577 2102 τῷ
600 2013 715 2119 πλρὶθει
733 2043 797 2082 των
814 2015 931 2102 ὄχλων,
965 2019 1071 2122 λίθορς
1089 2015 1120 2114 τεί

144 2125 151 2132 ·
222 2103 277 2166 καί
301 2096 416 2175 ξύλα
399 2100 600 2185 επεφίροντο,
629 2095 887 2203 άντιπράττοντες
905 2103 971 2174 τοῖς
990 2097 1048 2166 ύπδ
1067 2099 1120 2176 τῆς

220 2180 398 2285 Συχκλητου
416 2186 654 2291 ἐψηφισμενοις,
683 2187 736 2250 καλ
752 2178 883 2286 μάλιστα
903 2179 959 2249 τόν
980 2181 1116 2284 Μάξιμον

182 2275 202 2336 6
222 2263 471 2370 παραιτούμενοι.
512 2268 607 2371 [ηρξέ
624 2290 657 2333 τε
675 2263 752 2351 γάρ]
771 2263 973 2372 στερίρότερον
991 2266 1048 2372 τῆς
1063 2259 1120 2330 πίεἸ

223 2357 316 2427 λεως,
348 2345 425 2416 πολύ
451 2373 486 2415 τε
512 2347 548 2416 τό
567 2348 786 2456 ἒπιστρεφίς
765 2374 834 2450 εοχε
852 2345 942 2452 πρός
953 2345 1026 2424 τούς
1045 2343 1120 2452 φιύ

132 2461 135 2468 ’
221 2439 294 2508 λους
312 2437 367 2500 καί
384 2429 532 2535 κούφους
536 2459 599 2500 των
615 2433 729 2518 ὄχλων·
771 2429 848 2498 ὄθεν
864 2429 1031 2508 δεδιότες’
1010 2432 1120 2530 απηρέ-

224 2540 334 2583 ονοντο
354 2514 455 2624 αὕτη,
478 2510 579 2619 ε’βόων
597 2540 631 2582 τε
650 2542 702 2582 και
693 2511 897 2594 ηπωλουν
876 2520 1052 2583 αποκτενεῖν
1067 2511 1120 2580 ού

224 2595 306 2674 τούς
356 2597 462 2679 ἠξίουν
472 2596 553 2704 χάρ
582 2599 639 2666 τοῦ
659 2599 839 2700 Γορδιανοό
863 2600 971 2699 μένους
982 2599 1120 2703 βασιλέα

225 2681 407 2762 αἱρεθηναι,
441 2678 480 2750 τό
505 2707 538 2749 τε
555 2684 612 2762 τῆς
622 2679 898 2787 αὖτοκρατορικῆς
913 2680 1014 2766 ἀρχῆς
1032 2679 1120 2762 ὄνομα

187 2785 204 2846 7
225 2766 327 2846 ε’νείνφ
345 2765 391 2866 τῷ
410 2769 484 2852 οἴκῳ
503 2770 557 2832 και
577 2761 707 2848 ὀνόματι
719 2769 839 2869 μαῒναι.
879 2767 898 2831 δ
923 2770 956 2832 δὲ
969 2769 1120 2870 Βαλβῖνος

225 2851 279 2914 ναί
293 2841 493 2932 Μάξιμος·
444 2895 456 2926 ,
476 2877 510 2916 εκ
529 2849 587 2916 τοῦ
605 2855 732 2916 ἱππικου
751 2874 906 2951 ταχματος
922 2873 997 2924 τους
1011 2851 1120 2926 νεανίας

225 2927 364 3034 πάντας,
409 2929 602 3034 πρατιύτας
636 2955 671 2999 τε
709 2938 743 2998 οι
764 2935 798 2998 ἐν
825 2928 935 3019 Ρύμη
970 2934 1120 3015 διέτριβον,

224 3039 465 3098 περιστησαντες
497 3015 602 3091 αύτοῖς
633 3011 863 3120 ξιφηφόρους,
880 3017 1043 3117 προελθεῖν
1075 3003 1120 3076 τού

224 3099 423 3164 Καπετωλίου
431 3096 625 3208 ἐβιάζοντο,
661 3123 721 3166 υπο
751 3099 783 3163 δὲ
803 3089 945 3176 πληθους
966 3093 1061 3173 ξύλον
1078 3091 1120 3168 καί

224 3185 324 3248 λίθων
342 3177 559 3261 ἐκωλύθησαν·
603 3183 668 3258 ἕςτε
680 3177 718 3260 δη
732 3177 957 3265 ύποβάλλοντος
973 3177 1057 3255 τινός
1073 3174 1120 3248 αύ

225 3259 328 3330 τοί
293 3289 348 3329 ταν
366 3264 497 3346 δῆμον
480 3267 673 3367 εσοφίσαντο.
819 3293 823 3304 ’

171 3352 206 3412 Ι8
304 3341 373 3414 Ἠν
395 3373 428 3414 τι
450 3349 572 3414 παιδίον
594 3343 744 3452 νήπιον,
759 3346 816 3426 τῆς
837 3345 1014 3432 Γορδιανοῦ
1033 3347 1120 3426 θοηα

225 3424 300 3514 τρός
331 3430 457 3507 τεκνον,
483 3457 555 3532 τῳ
576 3427 713 3532 πάππῳ
725 3427 900 3534 ὁμόνομον.
960 3433 1120 3533 πέμψαντες

226 3515 328 3618 τοίνυν
347 3538 411 3583 των
429 3510 489 3584 σύν
513 3510 619 3592 αύτοῒς
641 3509 748 3594 τινάς,
785 3510 941 3591 κελεύωσι
957 3509 995 3582 τό
1017 3515 1088 3579 παιδ
1061 3503 1120 3578 ιδίοί
