2256 4134
795 69 832 98 ἢ

203 237 577 337 Ηίασοσεεπνπ
604 275 785 354 vl1‚9..10
889 275 946 336 τοι
1002 254 1005 260 ’

26 430 128 539 μόνος
147 440 191 512 είς
211 432 268 503 τόν
287 439 439 513 οἰκίσκον,
475 437 517 511 ὥς
537 432 576 540 δη
597 433 818 518 καθευδήσων,
853 443 945 542 ἐξαρ-

27 518 145 599 τήσας
147 516 192 599 ής
212 524 372 625 ἐπεφέρετο
401 517 499 616 ίρίνης
526 518 581 587 τόν
600 519 789 627 τρύχηλον’
773 547 806 588 εν
818 520 943 624 ιβρόχῳ,

27 604 91 669 τού
109 607 236 710 ρίου
201 601 407 682 ἆνεπαύσατο
449 600 576 708 τοιούτῳ
591 609 647 685 μέν
661 601 713 706 δή
720 606 793 671 τελει
809 629 826 670 ο
845 616 928 690 Γορ-
948 630 992 672 10·

28 689 174 761 διανος’
157 683 332 772 εχρήσατο,
358 683 500 790 βιούσας
494 684 536 753 τοί
554 714 663 774 πρωτα
680 685 883 772 εὐδαιμόνως,
910 693 944 756 ἐν

26 766 130 837 εἰκόνι
148 794 184 835 τε
202 775 357 855 βασιλείας
376 767 568 875 τελευτήσας.

117 850 158 922 0
190 858 223 920 δέ
258 849 466 930 Καπελλιανδς
499 860 541 930 εἰς
566 850 753 956 Καρχηδόνα
787 850 942 934 εἰςελδοίν,

27 932 157 1012 πύκτας
182 960 216 1002 τε
244 933 318 1012 τούς
345 935 561 1041 πρωτεύοντας
588 935 779 1016 απίκτεινεν,
817 944 847 1006 εί
863 964 944 1016 τινες

28 1024 90 1086 καί
107 1016 312 1123 ἐσύθησαν’
295 1046 337 1087 εκ
351 1021 409 1101 τῆς
430 1017 553 1126 milne,
582 1018 715 1106 ἐφείδετό
739 1045 773 1088 τε
798 1021 869 1094 οὔτε
899 1023 943 1090 ίε·

26 1131 100 1216 ρφν
120 1100 291 1184 σολήσεως,
320 1103 391 1172 οὔτε
399 1101 577 1210 χρημάτων
596 1106 756 1172 ίδιωτικοιν
776 1132 829 1172 και
820 1107 943 1208 δημο-

27 1193 111 1254 σίων
132 1186 291 1275 αρπαρῆς.
331 1183 427 1256 ἐπιύν
447 1213 480 1255 τε
500 1214 559 1264 τας
578 1186 687 1265 λαιπας
707 1185 825 1267 πόλεις,
851 1189 924 1258 ὅσαι
947 1216 979 1256 11

26 1299 91 1348 τας
111 1277 289 1376 Μαξιμίνον
315 1268 408 1377 τιμρίς
433 1269 701 1383 καθῃρήκεσαν,
708 1271 781 1350 τούς
801 1277 860 1376 μέν
878 1277 942 1352 έξέ-

24 1382 148 1469 ηηονταρ1
161 1353 302 1460 ἐφόνευε,
322 1354 396 1434 τούς
408 1359 439 1423 δέ
455 1363 590 1440 δημοτας
604 1354 801 1460 ἐφυγάδευεν·
830 1355 966 1463 όνρούςζ·
1008 1373 1009 1378 ’

24 1467 63 1508 τε
86 1444 144 1508 καί
160 1437 266 1525 κύμας
284 1437 475 1526 ἐμπιπράναι
491 1445 640 1544 λεηλατεῖν
658 1466 691 1508 τε
707 1444 772 1519 τοῖς
788 1441 944 1552 στρατοφύ-

24 1552 102 1600 ταις
137 1527 305 1638 ἐπέτρεπε,Ι
336 1520 595 1610 προςπσεούμενος
624 1530 678 1608 μέν
706 1531 855 1628 τιμωρίαν
881 1533 943 1602 είς-

23 1633 182 1714 πραττειν
200 1606 249 1690 ἐφ
269 1612 315 1684 οἷς
332 1613 375 1685 εἰς
393 1611 616 1693 Μαξιμῖνον
594 1607 813 1714 ημαρτήκεσαν
821 1658 832 1686 ,
867 1615 942 1676 λαν-

23 1689 198 1768 θανόντος
227 1695 259 1762 δέ
286 1717 407 1762 ευνοιαν
426 1695 528 1804 ἐαοτφ
545 1721 640 1798 παρα
651 1717 716 1760 των
744 1719 942 1795 στρατιωτων

25 1801 222 1878 μνωμενος,
249 1805 297 1854 ιν,
326 1781 358 1842 εί
374 1805 407 1844 τι
426 1782 580 1844 πταίσειεν
599 1805 640 1843 τα
631 1774 837 1878 Μαξιμίνου
852 1774 941 1878 πρύ-

24 1887 153 1944 ρματα,
183 1857 277 1936 αύτός
297 1860 376 1965 ἔχων
401 1857 532 1966 δύναμιν
551 1857 735 1938 εύνοούσαν,
763 1859 821 1940 τής
830 1857 941 1963 ἀρχῆς

23 1939 275 2051 ἀντιποιήσαιτο.
334 1971 374 2010 τα
401 1948 458 2027 μέν
487 1941 525 2024 δή
552 1971 634 2012 κατα
669 1941 729 2024 τήν
752 1938 876 2064 Λιβύην
909 1949 943 2011 ἐν

24 2025 155 2102 τούτοις
173 2022 221 2105 ἦν.
283 2053 288 2064 ’

114 2115 157 2173 X
199 2107 258 2187 Ὡς
291 2113 324 2176 δέ
355 2115 400 2186 εἰς
426 2107 486 2191 τήν
511 2103 642 2212 Ρωμην
665 2103 858 2190 έδηλύδη
834 2139 856 2188 η
885 2135 940 2176 του
966 2132 979 2171 ι

23 2189 227 2301 πρεσβύτου
227 2190 368 2274 τελευτή,
401 2196 436 2259 ἐν
456 2193 550 2284 πολλή
567 2195 692 2300 ταραχή
712 2221 764 2260 και
783 2191 900 2276 ἀφασίᾳ
924 2187 942 2257 ό

27 2288 71 2355 rel
91 2271 227 2361 δῆμος
206 2305 262 2354 ην,
291 2276 314 2356 ἥ
332 2302 365 2356 τε
377 2264 554 2378 Σύγκλητος
577 2286 727 2381 μαλιστα,
750 2276 944 2378 [Γορδιανοῦ]

22 2357 280 2438 τετελευτηκότος
308 2367 350 2437 εἰς
378 2387 414 2426 ον
441 2355 625 2464 ήλπίκεσαν·
669 2359 778 2449 ήδεσαν
796 2355 910 2462 μοίρῃ

25 2442 129 2511 αὐτόν
150 2442 220 2508 οὕτε
218 2441 418 2549 φεισόμενον
437 2439 530 2520 τινός.
572 2442 608 2520 ὂς
628 2471 688 2553 γαρ
707 2445 760 2511 καί
777 2439 867 2544 φύσει
884 2439 941 2508 ιῖλ-
1005 2475 1010 2484 ·

24 2533 161 2639 λοτρίφς
173 2553 225 2592 και
218 2525 393 2614 α’πεχθως
410 2525 489 2628 πρός
505 2524 618 2604 αύτούς
637 2531 781 2604 διέκειτο,
803 2521 873 2591 τότε
890 2529 944 2590 καί

23 2619 66 2680 ἐπ
57 2606 227 2720 ἐύλόροις
247 2615 377 2687 αίτίαις,
398 2636 443 2685 ως
463 2609 711 2720 ομολομουμένοις
730 2612 876 2718 ἐχθροῖς,
896 2615 941 2675 εἷ-

23 2693 132 2769 κότως
147 2696 301 2800 ωρρίζετο.
343 2693 440 2770 έδοξεν
456 2718 529 2770 ουν,
552 2698 709 2760 συνελθεῖν
725 2697 779 2760 καί
792 2695 861 2780 περὶ
876 2719 941 2758 των
961 2707 980 2749 2

24 2779 194 2863 πρακτέων
213 2778 419 2880 σκέψασθαι,
446 2772 532 2854 απαξ
555 2801 588 2843 τε
611 2774 723 2864 οἱναρίρι·
722 2783 849 2888 Ιφαντας
873 2780 951 2842 κίν-·

22 2869 142 2935 δυνον,
179 2855 309 2942 πόλεμον
332 2858 491 2942 ἄρασθαι,
529 2865 801 2964 προστησαμένους
820 2859 941 2926 ἐαυτιύν

22 2946 307 3048 χειροτονηθέντας
334 2945 495 3046 βασιλέας·
555 2942 609 3018 οὓς
635 2944 792 3023 ηθελησαν
819 2945 942 3025 μερίσαι

23 3057 90 3109 την
105 3024 232 3130 οἷρχην,
265 3052 308 3102 ως
332 3055 375 3110 μη
366 3024 521 3112 [παρ’
504 3053 548 3092 ενι
540 3023 662 3126 οὖσα]
680 3029 799 3102 ἐξουσία
818 3031 861 3098 εἰς
881 3050 939 3088 τυ-

21 3114 159 3215 ραννίδα
189 3107 281 3175 πόλιν
309 3113 450 3210 έξοκείλη;
489 3110 662 3218 συνῆλθον
673 3136 730 3177 ουν
753 3105 814 3175 ούκ
836 3112 879 3182 είς
901 3103 937 3174 τό

21 3193 167 3273 σύνηθες
189 3194 362 3296 συνέδριον,
389 3179 450 3258 ἀλλ’
469 3199 521 3268 εἰς’
529 3189 585 3258 τόν
603 3219 659 3260 του
646 3189 754 3266 ’Διός
772 3213 850 3254 νεων
867 3200 938 3256 Ιία-

22 3273 250 3353 πετωλίοιι,
231 3301 268 3341 ον
288 3279 411 3379 σέβουσι
428 3277 616 3359 Ρωμαῖοι·
600 3302 634 3341 εν
651 3270 823 3376 α’κροπόλει.
849 3298 939 3372 συγ
958 3276 977 3335 3

22 3365 202 3436 κλείσαντες
230 3353 286 3426 οὖν
312 3357 424 3433 αύτούς
452 3362 487 3423 ἐν
510 3362 555 3441 τιῖ
575 3385 665 3441 σηκφ
677 3355 807 3458 μόνους,
839 3351 952 3454 ὥςπερ

23 3440 93 3510 ύπδ
110 3440 249 3552 μάρτυρι
267 3470 319 3550 την
328 3443 387 3509 Διῒ
401 3470 454 3508 και
446 3422 624 3525 συνέδρῳ,
652 3435 810 3542 ἐπισκόπῳ
825 3464 858 3506 τε
876 3467 939 3504 των
998 3453 1001 3460 ’

26 3527 273 3620 πραττομένων,
303 3525 506 3609 ἐπιλεξάμενοι
521 3528 584 3593 τῶν
603 3528 636 3591 ἐν
655 3521 757 3607 ήλικίφ
775 3524 826 3589 καί
846 3516 938 3598 ἄξιοί-
