2256 4134
157 212 215 274 158
452 204 758 270 HERODIANI

115 384 134 442 5
155 382 185 442 οι
212 377 243 440 55
273 377 371 453 λοιποί
385 372 581 476 στρατιῶται
600 373 692 439 τοῦτο
713 341 920 456 δεάσάμενοι,
949 375 1059 442 ε’κπλα-

100 514 103 522 ,
154 462 254 559 γε’ντες
277 459 327 564 τῷ
349 455 448 523 πάθει
471 459 536 523 τοῖν
565 457 837 560 συστρατιωτῶν,
872 463 1060 539 φοβηθέντες

80 596 83 601 .
155 542 213 608 τοῦ
246 538 368 624 δήμου
380 537 417 608 τό
449 541 596 621 πλῆθος,
645 539 718 606 ἀνευ
754 563 788 606 τε
821 535 923 608 ὅπλων
963 541 1059 618 ὄντες,
1071 589 1074 596 -

197 650 278 727 υγρν.

157 625 195 710 55
238 706 277 775 ‘0
297 709 328 776 δὲ
348 703 535 784 Γαλλικανδς
558 701 721 811 555005555
748 706 804 785 τῆς
822 705 1049 810 Συγνλήτου’
1022 735 1061 784 εις

126 803 129 810 “
155 787 212 858 τόν
231 793 328 898 δῆμον
347 793 458 875 με’σον,
480 788 597 866 δεικνύς
619 815 651 856 τε
670 816 705 856 το
697 787 811 873 ξίφος
830 797 884 858 καί
900 788 962 871 τὴν
976 797 1062 895 χεῖρα

155 873 347 980 ᾑμαγμένην,
382 871 560 940 διεκελεύετο
595 868 715 940 διοόκειν
749 875 801 939 καί
825 872 965 954 φονεύειν
994 874 1074 950 νοός*

117 945 683 1150 ⁶{23055553555335‘a
678 955 1064 1144 55555'55555

157 1127 265 1202 σθείς,
292 1122 348 1192 τόν
343 1127 421 1226 μίν
440 1121 629 1191 Γαλλικανόν
646 1118 792 1226 εὐφήμει,
821 1118 896 1199 τοδς
915 1129 947 1190 δὲ
967 1151 1064 1210 στρα-
1069 1172 1072 1180 ,

157 1204 272 1283 τιοίτας
280 1255 291 1286 ,
327 1207 370 1283 οἷς
390 1202 565 1274 δυνατόν
544 1235 583 1288 ην
601 1204 785 1280 διάκοντες,
813 1207 938 1292 εβαλλυν
948 1213 1064 1282 λίθοις.

157 1312 188 1356 οι
179 1293 236 1357 55
251 1287 450 1392 φθάσαντες,
479 1288 608 1392 ὀλίγων
605 1291 699 1356 τινοῖν
716 1316 771 1354 και
762 1291 994 1392 τρωθέντων,
1023 1297 1076 1366 εἰς.

156 1369 193 1440 τό
203 1371 422 1476 στρατόπεδον
447 1369 712 1473 καταφυγόντες,
730 1375 785 1436 καί
811 1369 870 1447 τάς
894 1369 995 1448 πόλις
1021 1371 1064 1447 οἷς

157 1452 304 1525 ἐδύναντο
323 1460 512 1533 κλείσαντες,
543 1451 622 1522 ὅπλα
642 1461 675 1522 δὲ
692 1452 914 1556 ἀναλαβόντες,
950 1452 1063 1558 ε’φροό-

158 1564 234 1642 ρουν
254 1536 290 1605 τό
317 1543 416 1641 τεῖχος
444 1539 501 1606 τοῦ
525 1541 743 1638 στρατοπέδου
786 1536 804 1602 5
829 1542 860 1603 δὲ
878 1535 1064 1612 Γαλλικανός

158 1629 242 1698 απαξ
265 1619 461 1706 τολμήσας”
440 1649 528 1726 εργον
545 1623 740 1722 τηλικοῦτον,
771 1617 917 1723 ε’μφόλιον
936 1619 1065 1722 πόλεμον

120 1723 136 1782 7
158 1733 210 1772 και
203 1703 360 1807 ὄλεθρον
379 1709 473 1808 με’γαν
493 1705 599 1806 ἤγειρε
612 1734 650 1792 τη
636 1700 760 1772 ”πόλει.
803 1700 859 1780 τάς
878 1729 912 1770 τε
931 1701 992 1788 γάρ
1010 1711 1064 1782 δη-

157 1791 267 1893 μοοίας
291 1787 465 1868 αποθήκας
493 1789 556 1855 τάν
581 1775 700 1864 ὅπλων,
732 1792 763 1853 εί
783 1811 861 1861 τινες
886 1815 968 1866 ησαν
990 1785 1079 1889 πρός

158 1869 284 1976 πομπῆν
302 1872 451 1954 μᾶλλον
429 1903 451 1952 η
466 1869 594 1978 μάχην
574 1837 774 1950 ε’πιτήδειοι,
803 1867 976 1974 ἀναρρηξαι
995 1869 1066 1946 τοός

159 1953 308 2057 δ’χλους’Ι
287 1980 404 2032 επεισε,
438 1982 474 2023 το
492 1981 526 2023 τε
548 1981 635 2042 ποιμα
659 1961 788 2021 ἕκαστον
807 1952 1017 2056 φράττεσθαι
1026 1953 1067 2029 59

159 2036 223 2114 οἶός
237 2063 270 2103 τε
283 2033 338 2119 ἦν·
361 2037 402 2106 τά
417 2065 450 2106 τε
465 2039 528 2108 τοῖν
542 2034 727 2148 μρνομάχων
741 2033 917 2120 καταγοόγια
934 2035 1067 2113 ἀνοίξας,
1117 2069 1118 2084 ¹

158 2119 313 2230 ε’ξηγαγε
321 2127 387 2198 τοῖς
416 2129 536 2199 οἰκείοις
564 2120 670 2197 ὅπλοις
696 2126 825 2186 ἕκαστον
856 2125 908 2198 ε’ξη
889 2125 1068 2228 η’ρτυμενου.

158 2202 217 2272 ὅσα
238 2231 271 2272 τε
289 2234 330 2287 ην
349 2211 384 2274 ἐν
403 2205 554 2283 οἰκίαις
530 2237 552 2288 η
573 2207 784 2308 ἐργαστηρίοις
809 2199 925 2286 δόρατα
952 2233 973 2283 η
997 2207 1068 2285 ξίφη

120 2302 137 2359 8
158 2290 290 2366 πελίκεις
308 2314 341 2356 τε
345 2338 356 2367 ,
387 2288 491 2358 πάντα
512 2285 703 2390 διηρπάζετο.
745 2285 763 2353 5
783 2311 816 2352 τε
835 2287 930 2370 δῆμος
950 2290 1068 2354 ἐνθου-
1078 2334 1080 2340 ·

159 2373 235 2439 σιοῖν
251 2373 327 2440 πάν
351 2371 388 2440 τό
421 2379 571 2476 ἐμπίπτον
600 2369 676 2451 ὕλης
706 2368 883 2480 ἀξιομάχου
916 2374 1071 2472 ἐργαλεῖον

158 2451 283 2522 ὅπλον
266 2461 403 2525 εποιεῖτο.
412 2457 666 2562 ἀθροισθέντες
684 2449 739 2522 οὖν
753 2455 892 2558 ἐπῆλθον
905 2457 952 2540 τῷ
971 2481 1070 2538 στρα-

158 2542 293 2686 τοπίδορ,
322 2544 375 2609 καλ
395 2540 439 2617 οἷς
459 2537 712 2650 πολωρκάσοντες
733 2537 809 2603 αότο
800 2534 944 2617 δῆθεν,
971 2563 1070 2648 προς·

159 2623 297 2723 ἔβαλλον
312 2646 349 2689 τε
375 2629 445 2700 ταῖς
468 2621 579 2700 πόλαις
606 2623 662 2690 καλ
686 2627 753 2697 τοῖς
784 2624 926 2724 τείχεσιν.
982 2627 1013 2686 ολ
1040 2625 1071 2688 δὲ

161 2706 348 2808 στρατιῶται
366 2706 443 2789 μετά
462 2707 574 2812 πολλῆς
585 2710 750 2808 ἐμπειρίας
768 2704 983 2807 ω’πλοσμόνοι.
1006 2727 1071 2768 .τε

159 2785 219 2862 τοὶς
248 2785 383 2866 ε’πάλξεις
404 2793 463 2856 καλ
489 2787 548 2868 τάς
574 2788 724 2866 ἀσπίδας,
760 2786 861 2900 τόξοις
890 2813 925 2854 τε
950 2783 1071 2862 αάτοός

158 2869 341 2972 βάλλοντες,
371 2877 425 2940 καί
460 2871 584 2978 δόρασι
602 2878 733 2977 μακροῗς
765 2870 977 2974 ἀπείργοντες,
1016 2869 1072 2936 τοῦ

134 2959 209 3036 ‚vel
206 2980 282 3060 χους
301 2953 479 3024 ἀπεδίωκον.
521 2985 566 3052 Ιευς
587 2963 619 3025 δὲ
632 2953 751 3062 καμολν
777 2954 795 3021 5
824 2954 940 3038 δῆμος,
983 2963 1072 3021 οἵτε

159 3037 330 3141 μονομάχοι
348 3039 601 3152 τιτρωσκόμενοι,
626 3040 685 3122 ἤδη
703 3043 789 3105 καλ’
771 3042 902 3141 εσπίρας
922 3034 1072 3148 προριοό·

161 3149 242 3203 σης,
281 3127 429 3192 ἀπελθεῖν
459 3123 617 3205 ἠθέλησαν
628 3171 640 3200 ,
675 3119 863 3228 θεασόμενοι
895 3120 1014 3197 αὖτοάς
1043 3127 1072 3186 ολ

161 3207 348 3309 στρατιῶται
369 3206 640 3318 ἀπεστραμμένους
658 3210 710 3272 καὶ
723 3203 763 3272 τά
780 3229 865 3272 νοντα
884 3202 1069 3279 δεδωκότας,

159 3286 308 3366 ἀπιόντας
337 3318 371 3357 τε
398 3289 612 3394 ἀμελεστερον,
650 3293 846 3398 οἰομένους
835 3286 879 3372 μη
908 3286 1072 3372 τολμησεικ

160 3375 332 3450 ἐπεξελθεῖν
344 3373 461 3477 ὀλίγους
475 3371 590 3454 πλάθει
604 3400 757 3474 τοσουτῳ,
775 3370 949 3448 ἀνοίξαντες
964 3378 1071 3476 αἰφνι-

74 3534 81 3550 ·
124 3469 125 3474 ’
161 3460 232 3533 δίας
251 3453 310 3534 τάς
328 3454 446 3535 πόλος,
479 3461 650 3544 ε’πεδραμον
668 3486 711 3543 τερ
698 3439 838 3542 ”δάμῳ,
860 3460 934 3524 καί
943 3453 1032 3532 νοός
1029 3475 1071 3520 νε
