2256 4134
90 734 899 826 ΗΡΩΔΙΑΝΟΥ

228 939 724 1004 ,ΙΣΤΟΡΙΩΝ

138 1098 507 1170 ,πιομιοπ
553 1096 802 1156 emon.

394 1288 592 1305 *-

31 1467 61 1530 1.
90 1429 228 1544 Οποίῳ
241 1456 297 1542 μέν
313 1455 353 1538 δη
368 1455 478 1526 τέλειά
493 1461 644 1561 δηλωθείς
655 1456 875 1536 Ἀντανῒνος’
858 1486 871 1525 ε
874 1486 954 1564 γρη
978 1486 990 1528 ι

34 1570 137 1619 σατο,
161 1547 194 1609 έν
210 1545 274 1618 τοῖς
275 1545 521 1646 προειρημένοις
536 1539 711 1647 δεδήλωται.
752 1543 954 1650 παραλαβόν-

33 1655 92 1704 τος
118 1631 152 1693 δέ
177 1652 235 1705 την
262 1650 364 1709 αργην
396 1622 608 1710 Αλεξάνδρου,
645 1621 683 1691 τά
711 1627 824 1726 σχῆμα
845 1631 898 1691 καί
916 1623 970 1692 τιί

32 1712 138 1792 ὄνομα
166 1711 225 1788 τῆς
250 1713 406 1786 βασιλείας
423 1711 536 1811 έκείνιρ
565 1710 793 1820 περιέκειτο·
801 1739 822 1788 η
849 1713 954 1816 μέντοι

32 1799 189 1895 διοίκησις
216 1793 280 1857 τοῖν
305 1787 497 1902 πραγμάτων
521 1795 576 1859 καί
591 1821 614 1872 η
633 1817 689 1869 της
707 1792 809 1896 αρχῆς
830 1797 952 1860 σι’·κονο

31 1883 94 1963 μία
121 1871 184 1942 υπιί
211 1879 282 1951 ταῖς
308 1879 427 1977 γυναιξί
451 1879 603 1977 διῳκεῖτο·
646 1877 699 1941 έπί
715 1899 748 1941 τε
767 1873 805 1941 τά
825 1901 952 1974 ουιγρο·

32 1965 182 2068 νέστερον
208 1961 262 2024 καί
283 1954 470 2065 σεμνότερον
490 1955 594 2024 πάντα
615 1953 756 2058 μετάγειν
775 1961 950 2062 ἐπειρῶντο.

32 2049 93 2110 καί
110 2041 236 2154 πριρτον
253 2042 309 2124 μέν
325 2041 382 2121 τῆς
402 2038 571 2144 συγκλήτου
591 2043 712 2119 Βουλῆς
731 2039 803 2118 τοάς
823 2043 952 2108 δοκοῦν·
972 2065 991 2107 2

31 2153 96 2203 τας
124 2129 177 2190 καί
203 2123 305 2206 ηλικίςτ
326 2122 551 2207 σεμνοτάτους,
585 2151 638 2190 και
631 2128 715 2209 βίῳ
735 2121 953 2208 σωφρονεστά-

31 2235 130 2284 τους,
170 2211 329 2272 ἑκκαίδεκα
366 2211 560 2285 έπελεξαντο,
600 2211 763 2291 συνέδρους
796 2209 873 2273 εἶναι
900 2212 954 2273 καί

34 2287 250 2394 συμβούλους
247 2316 303 2356 του
289 2290 428 2389 βασιλ
410 2309 485 2366 εως·
529 2289 601 2358 ουδέ
615 2318 647 2356 τι
666 2289 815 2375 ἐλέγετο
795 2319 816 2368 η
832 2288 952 2375 ε’πράτ-

32 2400 124 2451 τετο,
156 2379 187 2440 εἰ
205 2402 248 2476 μη
268 2369 401 2455 κᾴκεῖνοι
421 2401 496 2439 αυτο
517 2377 749 2457 ε’πικρίναντες,
789 2369 953 2456 σύμψηφοι

31 2462 185 2561 ε’γένοντο.
227 2455 338 2540 ἤρεσκέ
353 2481 387 2522 τε
406 2483 450 2542 τῳ
437 2453 550 2540 δάμῳ
567 2461 619 2522 καί
636 2459 700 2532 τοῖς
699 2460 951 2556 στρατοπέδοις,

31 2539 111 2608 αλλά
132 2541 245 2606 καί
203 2568 241 2626 τη
265 2536 422 2625 συγκλήτῳ
440 2543 561 2628 Βουλη,
592 2536 628 2605 τά
651 2540 755 2640 σχῆμα
778 2565 834 2618 της
855 2550 951 2624 βασι-

28 2630 136 2701 λείας,
175 2626 208 2688 έκ
230 2627 409 2706 τυραννίδος
433 2610 549 2708 έφυβρί
546 2649 620 2692 στου
647 2629 705 2698 τίς
709 2621 951 2708 ’ἀριστοκρατίας

29 2706 134 2774 τύπον
151 2709 392 2814 μετενεχθείσης.

119 2790 256 2874 Πρυτον
271 2791 326 2872 μέν
344 2815 399 2855 ουν
417 2817 456 2856 τα
448 2785 637 2874 άγάλματα
655 2817 719 2856 των
736 2790 840 2868 θεων,
868 2788 947 2898 άπερ
969 2797 991 2861 5
1021 2845 1030 2860 „

30 2874 152 2976 έτυγεν
158 2876 273 2984 ἐκεῒγος
290 2898 419 2951 κινησας
439 2875 491 2937 καί
510 2871 708 2975 μεταγαγών,
739 2872 883 2974 ἔπεμψαν
908 2881 951 2975 εἰς

31 2956 108 3032 τούς
129 2953 279 3058 α’ργαίους
295 2960 348 3020 καί
368 2961 464 3058 ἰδίους
482 2951 577 3032 ναούς
593 2981 626 3023 τε
642 2960 695 3024 καί
710 2953 840 3034 σηκούς·
875 2951 950 3028 τούς

30 3065 65 3106 τε
92 3037 148 3104 δπ
176 3041 292 3104 ἐκείνου
319 3035 456 3142 άλιίγυς,
499 3069 521 3120 η
554 3037 602 3122 έφ
632 3045 680 3117 οἷς
712 3033 950 3119 εὐδοκιμήκεσαν

30 3119 271 3230 αμαρτιὶμασιν,
303 3128 347 3197 εἰς
374 3119 466 3205 τιμάς
487 3127 540 3190 καί
560 3126 699 3199 ἐξουσίας
718 3121 946 3221 προαχθέντας,

29 3209 96 3272 ταῖν
116 3208 277 3272 δοθέντων
298 3203 473 3306 ἀφείλοντο,
510 3203 661 3280 ἑκάστους
689 3199 880 3274 κελεύσαντες
905 3207 948 3276 εἰς

28 3318 90 3368 την
119 3292 326 3392 προτέραν
301 3314 406 3353 αυτων
435 3292 591 3401 έπαγιέναι
619 3289 674 3366 τῆς
702 3282 790 3360 άξίας
817 3289 943 3388 αἵρεσιν.

28 3371 89 3449 τάς
105 3396 141 3438 τε
158 3379 305 3482 πραξεις
305 3367 432 3448 απάσας
453 3375 507 3440 καί
525 3398 584 3447 τας
603 3365 784 3448 διοικησεις,
812 3365 870 3444 τάς
875 3373 943 3468 μίν
969 3370 988 3427 4

26 3453 187 3534 πολιτικάς
206 3459 260 3523 καί
284 3451 463 3540 ἀγοραίους,
496 3457 682 3598 ένεχείρισοίν
700 3453 766 3528 τοῖς
782 3455 832 3520 ἐπὶ
851 3447 949 3538 λόγοις

688 3555 715 3606 2.
