2256 4134
175 229 233 311 ,μ
480 217 784 282 Ηοοουιεωι

99 404 102 412 ’
157 415 288 468 νωντες
307 387 383 493 θείῳ
402 409 436 452 τε
456 387 508 452 καί
529 381 691 486 ἀσφάλτῳ,
718 387 830 452 πίτταν
850 382 985 464 ἑλόντες,
1011 381 1067 452 κοί-

176 487 240 552 λοις
271 469 406 540 σκεύεσιν
432 463 612 568 ἐμβαλόντες
630 463 780 569 λαβοίς’
764 495 971 572 επιμηκεις
957 473 1068 555 ἔχουσι,

165 564 231 629 καί
262 552 477 660 πυροίσαντες,
509 548 574 634 ἀμα
600 579 643 634 τῳ
670 555 883 655 προςπελαζειν
919 558 983 627 τοῖς
1017 556 1069 618 τεί-
1116 571 1117 592 ¹

179 669 246 747 χεσι
273 638 327 705 τόν
357 633 507 739 στρατόν,
544 617 842 712 κατεόκεδοιννυσαν,
879 638 1071 737 καταχέοντες

140 757 178 798 10
197 725 316 830 όμβρου
346 723 434 798 δίκην
452 714 661 803 δμοθυμαδόν.
703 721 854 822 φερομένη
879 718 963 784 δί
940 748 960 798 η
987 723 1072 784 πίσσα

179 807 241 877 σόν
257 808 302 880 οἷς
321 805 518 904 προείρηται,
539 802 670 884 δυομένη
686 823 720 864 τε
740 799 790 868 διά
808 828 871 866 των
890 803 1073 902 γεχυμυωμέ-

179 918 243 957 νων
261 886 360 972 μεροῖν
377 885 433 949 τοῦ
455 879 595 987 σώματος
605 931 616 959 ,
633 888 675 957 είς
693 883 757 949 ποῖν
779 888 902 992 ‘'3⁸3²‘'ss
883 909 992 959 ,ωςτε
1009 881 1075 956 τοός

180 971 376 1076 δυ’ρακας
370 964 483 1042 αὐεοός
505 967 777 1070 πεπυρωμένους
789 970 987 1049 απορίρίπτειν
1026 970 1074 1030 καὶ

180 1055 220 1122 τοί
246 1047 340 1119 λοιποί
366 1047 465 1125 ὅπλα,
493 1044 537 1112 οδν
557 1050 573 1114 ὁ
597 1052 719 1132 σίδηρος
745 1051 958 1132 ἐδερμαίνετο,
983 1045 1022 1114 τοί
1046 1073 1076 1114 τε

180 1144 216 1204 ἐκ
242 1134 368 1236 βυρσων
395 1156 429 1198 τε
456 1134 507 1198 καί
536 1129 632 1208 ξόλων
660 1133 797 1234 ἐφλέγετο
826 1135 878 1198 καί
906 1137 1076 1234 συνειλκετρ

180 1219 237 1324 ἦν
249 1218 331 1326 γοῦν
355 1219 427 1282 ἰδεῖν
448 1216 696 1324 χεγυμνωμένους
716 1211 790 1289 τοδς
810 1211 1034 1318 στρατιώτας
1024 1213 1076 1279 αό-

181 1299 257 1414 ιοδς
283 1297 331 1407 ἐφ
362 1297 499 1375 ἐαυτων,
531 1300 583 1362 καί
610 1294 725 1363 σκύλων
745 1295 821 1398 ὅφιν
840 1297 918 1362 ὁπλα
941 1302 1078 1401 παρεῖχεν
1116 1339 1117 1354 ι

182 1387 375 1489 ἐρριμμένα,
385 1384 476 1463 σοφία
504 1383 632 1480 τέχνης,
661 1367 721 1444 ἀλλ’
750 1377 806 1446 οὐκ
818 1369 957 1481 ἀνδρείᾳ
983 1377 1078 1466 μάχης

145 1497 181 1541 ιι
206 1466 420 1567 περιῃρημένα.
448 1464 481 1530 ἐκ
502 1463 609 1529 τετοῦ
628 1459 768 1530 τοιούτου
782 1458 989 1562 πόμπλειστσν
1006 1467 1079 1542 πλη·-
1116 1509 1117 1520 ι

183 1563 246 1625 θος
271 1551 328 1615 τοῦ
352 1545 489 1648 στρατοῦ
515 1541 574 1621 τός
593 1569 627 1610 τε
646 1545 736 1652 όψεις
762 1545 951 1631 ἐπηροῦντο,
982 1550 1033 1612 καί
1047 1543 1079 1610 τό

183 1630 351 1738 πρόςωπον
377 1626 640 1733 ἠκρωτηριάζετο,
669 1627 746 1708 [τοίς
770 1631 895 1730 χεῖρας]
922 1633 978 1695 καί
1004 1635 1080 1694 εἴτι

183 1713 300 1802 γυμνόν
326 1709 365 1792 ἦν
383 1713 438 1779 τοῦ
467 1738 618 1819 σωματος.
668 1709 743 1778 ἀλλα
769 1738 832 1792 μην
858 1717 913 1778 καί
935 1718 1006 1787 ταῖς
1023 1741 1080 1794 μη·
1116 1789 1117 1810 χ

185 1803 296 1908 χαναῖς
331 1797 572 1879 προςαγομέναις
606 1793 702 1876 δᾷδας
736 1797 936 1894 ἐπέβαλλον,
935 1797 1079 1899 δμοίως
1116 1819 1117 1828 ’

184 1885 279 1969 πίσση
300 1881 354 1944 καί
378 1884 482 1986 ῥητίνη
494 1880 706 1980 δεδευμένας,
734 1882 784 1943 ἐπί
803 1900 836 1942 τε
856 1903 900 1960 τῳ
929 1877 1015 1982 ἄκρῳ
1035 1889 1084 1949 βε·

151 1993 154 2001 s
185 1965 247 2029 λων
285 1960 393 2036 ἀκίδας
428 1956 574 2044 ε’χοιίσοις·Ι
610 1966 663 2063 ιαλ
688 1941 892 2043 ἀναφθεῖσαν
912 1959 1085 2070 φερόμεναι,

184 2048 364 2146 ἐμπαγεῒσαι
389 2045 458 2118 ταῖς
485 2046 638 2129 μηχαναῖς
662 2047 717 2110 καί
742 2049 1005 2148 προςπεφυκυῖαι,
1031 2051 1085 2175 ῥιγ-

150 2137 153 2144 ’
186 2133 260 2204 δίας
277 2124 376 2200 αὐτοῖς
378 2129 521 2226 κατέφλε
540 2153 602 2192 ον.·

148 2236 164 2280 2
269 2215 310 2276 V.
341 2209 410 2274 Των
424 2215 479 2292 μέν
496 2205 1009 2315 ουνπραίτωνημερωνοῖντίπαλός
1024 2237 1086 2285 πως
1116 2219 1117 2232 ’

186 2321 239 2362 και
230 2288 458 2402 ἰοόβροπος”
428 2317 570 2393 ιμενενη
590 2289 671 2396 τόχη
685 2294 744 2371 τῆς
762 2291 879 2380 μάχης·
923 2293 1040 2395 χρόνου
1060 2298 1087 2358 δὲ

187 2380 395 2460 ἐγγινομένου,
425 2373 443 2442 ό
473 2400 506 2441 τε
531 2401 664 2477 στρατος
688 2402 742 2441 του
731 2376 978 2480 Μαξιμίνου’
959 2373 1087 2460 οκνηρός

187 2463 235 2562 ἐχί
234 2485 300 2524 νετο
309 2507 320 2536 ,
349 2463 404 2524 καί
424 2460 544 2525 πταίων
564 2460 623 2538 τῆς
640 2461 776 2538 ἐλπίδος,
804 2459 938 2543 ἀθύμως
954 2463 1087 2526 διέιιειτο.

189 2541 253 2616 οὓς
268 2539 326 2624 γάρ
356 2539 523 2642 ιῇλπίκεσαν
538 2542 741 2643 μηδεμίαν
720 2545 878 2646 υπομενεῖν
903 2539 1117 2646 προσβοληι,

190 2620 319 2697 τοόιους
349 2621 487 2707 εὕρισκον
512 2623 567 2691 οὐκ
573 2621 777 2727 ἀντέχοντας
804 2651 916 2727 μονον,
943 2624 1023 2692 ἀλλα
1042 2627 1090 2692 καί

147 2703 401 2780 κάνδεστῶτας
449 2716 478 2774 ολ
510 2713 540 2775 δέ
573 2705 749 2787 Ἀκυλησιοι
779 2705 1012 2810 ἔντερ’ῥοίυνυντό
1049 2732 1090 2782 τε,

191 2791 245 2856 καί
268 2792 447 2891 προθυμίας
475 2788 578 2870 πόσης
604 2793 915 2904 ἐνεπίμπλαντο·τῇ
930 2817 967 2859 τε
1005 2816 1091 2858 σονε-

191 2875 258 2976 χείρ
277 2871 334 2950 τῆς
355 2869 472 2959 μάχης,
493 2877 601 2976 πεῖραν
622 2879 674 2940 καί
661 2871 852 2975 δόροος
835 2875 915 2957 ομοῦ
934 2883 1091 2982 προςλαμ-
1116 2899 1117 2976 χ

190 2953 361 3058 βοίυοντες,
393 2954 602 3062 κατεφρόνουν
631 2985 693 3024 των
719 2959 937 3040 στρατιωτων·
970 2985 1017 3034 ως
1044 2959 1091 3025 καί

133 3111 134 3114 ¹
191 3033 407 3106 ἀποσκώπτειν
422 3042 455 3113 ἐς
481 3038 612 3117 αυτούς,
640 3045 804 3144 ἐνυβρίζειν
824 3064 857 3106 τε
878 3041 936 3144 tq?
933 3043 1091 3144 Μαξιμί-

191 3149 235 3204 νῳ
269 3145 517 3205 περινοστουντι,
545 3129 613 3199 είς
629 3148 664 3190 τε
698 3121 794 3189 αυτόν
829 3128 883 3188 καί
906 3120 963 3190 τόν
1001 3129 1117 3190 παιδα

190 3185 390 3304 ἀπορρίπτειν
424 3203 603 3309 δυσφήμους
630 3210 684 3273 καί
716 3201 879 3308 αἰσχρός
882 3212 1090 3290 βλαςφημίας·

186 3284 238 3376 ἐφ
268 3289 360 3360 αίς’
343 3293 454 3364 ἐκεῖνος
488 3287 680 3394 κινούμενος,
708 3315 800 3374 οργης
834 3287 990 3372 μάλλον’
973 3293 1117 3371 ενεπίμ

155 3368 298 3434 ἐπλατο
334 3373 523 3478 χρῆσθαι
515 3371 650 3439 δίκαιοί
677 3401 740 3438 οων
762 3377 929 3476 πολεμίων
925 3372 980 3440 οὗ
1000 3353 1117 3440 δυνά-

190 3473 297 3536 μενος,
327 3457 447 3529 ἐκολαζε
468 3453 542 3536 τούς
562 3460 721 3534 πλείστους
749 3482 811 3558 των
829 3455 1013 3540 ’ἡγουμένων
1034 3457 1092 3523 τάν
1116 3417 1117 3542 ί
