2256 4134
165 275 222 338 172
453 253 766 318 'HERODIANI

155 418 324 528 όκροτότιρ
351 423 477 528 πεδίῳ,
497 421 642 524 ίδρυμύνη
670 415 733 522 πρό
751 421 808 502 τῆς
828 420 983 534 ύπσιρείας
999 422 1070 488 τίἵκ

155 505 307 577 Αλπεων.
348 503 428 572 ἔνθα
457 501 683 588 ύπαντιύμενοι
681 532 731 588 τῳ
718 505 916 612 Μαξιμίιῳ
938 515 968 572 οἱ
988 533 1070 608 προ-

161 587 294 694 φύλακες
321 593 375 656 καλ
402 591 509 690 σκοπρί
534 589 592 655 τοῦ
617 591 771 673 στρατοῦ,
806 589 948 675 ἤγγειλαν
977 588 1069 670 ιιενηκ

160 671 341 775 ιῖιθρούπων
359 669 492 738 εἶναι
430 699 525 776 την
529 669 633 748 πόλιν,
656 676 807 755 πανδημεί
824 698 857 739 τε
877 679 1068 775 πεφιομεναι,

160 754 394 863 ἕμπρησαντας
400 752 458 831 τός
478 752 615 857 θύρας’
604 757 695 858 ιεριιῖν
711 781 745 821 τι
764 760 816 823 καλ
835 759 957 833 οἶκιοῖν,
986 754 1069 820 πόν-

159 869 200 907 τα
221 865 272 916 τε,
299 865 356 906 οσα
372 832 412 919 ἦν
428 843 462 906 ἐν
480 867 517 926 τη
502 837 656 916 πόλει
637 869 657 918 η
678 843 742 914 τοῖς
758 838 879 924 ιῖρχοῖς,
905 869 924 906 α
912 839 1068 944 “9632-

161 921 375 1026 φορὴσαντας,
409 951 430 988 α
416 921 484 990 δι’
501 920 762 1024 καταπρησαντας
772 968 782 999 ,
818 927 871 990 καί
890 949 969 1028 μητε
987 923 1079 992 ύπο·,

120 1011 288 1151 5λοχίοις,
317 1004 393 1088 μήτε
414 1002 596 1108 ιῖνθριόποις
613 1011 848 1120 καταλελεῖφθαι
865 1004 1011 1109 τροφός.

243 1089 282 1158 0
302 1093 334 1157 66
353 1093 527 1174 Μαξιμῖνος
543 1086 631 1170 ἥσθη
652 1094 739 1194 μέν’
723 1095 774 1156 επί
789 1090 828 1179 τῆ
845 1092 907 1157 ταῖν
925 1089 1067 1158 Ἰταλιω-

161 1174 224 1241 τοῖν
243 1172 340 1248 εύθύς
358 1175 455 1276 φοχῆ,
486 1176 612 1249 ε’λπίζων
630 1171 752 1249 πιίιτας
770 1173 844 1250 τούς
859 1171 992 1275 δήμους
992 1176 1067 1239 τού-

161 1283 196 1323 το
218 1255 371 1362 ποιήσειν,
408 1256 467 1361 ούχ
494 1255 704 1362 ὑπομένοντας
729 1255 789 1337 τήν
812 1259 923 1339 ἔφοδον
952 1256 1064 1324 αὐτοῦ·

161 1367 178 1408 ο
170 1339 230 1408 66
248 1337 381 1425 στρατός
400 1339 536 1444 ἤχθετο,
572 1339 669 1418 εύθύς
693 1345 726 1407 ἐν
749 1340 829 1430 ύρχη
816 1343 935 1425 λιμοῦ
952 1339 1065 1444 πειριό-

159 1451 274 1529 μενος.
301 1423 661 1529 διανυκτεριύσαντες
624 1453 694 1507 οιιν,
731 1433 761 1492 σί
783 1411 878 1510 966³
861 1451 896 1493 εν
920 1427 961 1516 τῆ
985 1421 1066 1491 πόλει

158 1513 191 1576 ἕν
209 1505 342 1610 ἀθύροις
362 1512 414 1575 καί
431 1513 533 1584 κεναῖς
553 1507 679 1576 πάντων
695 1513 822 1589 οἰκίαις,
858 1518 888 1577 οἱ
913 1496 986 1576 δ”
968 1538 1003 1579 εν
1023 1509 1066 1592 τῷ

158 1598 273 1693 πεδίῳ,
290 1589 354 1676 ἅμα
357 1590 449 1696 ἡλίῳ
467 1592 658 1698 ἆνίσχοντι’
641 1598 691 1661 επί
706 1591 764 1670 τός
776 1593 905 1672 Ἀλπεις
923 1591 1065 1698 η’πείμοκ-

96 1687 98 1692 ’
159 1696 211 1744 το·
250 1675 331 1780 όιιιρ
352 1675 411 1762 όρη
429 1676 605 1780 ὑπερμήκη,
631 1677 742 1781 ὥςπερ
742 1681 851 1782 τεῖχος
866 1675 1018 1756 Ἰταλίας,
1045 1677 1065 1757 6

159 1757 251 1845 φύσις
269 1760 411 1862 ἤχειρεν,
433 1761 588 1865 όπερνεφῆ
602 1767 657 1846 μὲν
675 1760 710 1828 τό
727 1757 830 1867 ύηιος,
857 1764 1066 1866 ε’πιμηκέστα-

159 1874 199 1911 τα
222 1847 269 1922 66,
302 1843 344 1920 ὥς
365 1845 471 1912 πᾶσαν
488 1845 621 1912 Ἰταλίαν
638 1844 812 1930 διειληφότα
834 1844 1007 1925 καθήκειν,
1033 1850 1066 1912 ἐν

75 1991 77 1996 .
158 1933 214 2014 μὲν
232 1931 296 2003 τοῖς
314 1932 420 2005 δεξιοῖς
438 1928 571 2006 Ἰταλίας
590 1932 727 2014 μέρεσιν,
755 1936 797 2006 εἰς
816 1927 853 1997 τό
853 1934 1068 2033 Ἰλιρρηναῗον

160 2015 302 2118 πέλαγος
345 2015 379 2078 ε’ν
397 2017 429 2079 66
447 2019 512 2090 τοῖς
531 2020 666 2090 λαιοῖς,
681 2018 724 2090 εἰς
742 2011 799 2080 τόν
816 2010 928 2081 Ιόνιον
944 2010 1065 2082 κόλπον.

119 2087 137 2147 5
162 2097 304 2163 σκε’πεται
328 2100 360 2162 66
386 2094 473 2172 ὕλαις
497 2103 631 2173 δασείαις
665 2101 720 2162 καί
749 2100 895 2173 πυκναῖς
949 2096 1008 2173 τοῖς
1035 2101 1067 2204 66

158 2186 216 2246 διεὲ
205 2177 343 2256 όδοιις’
327 2205 510 2258 εστενωται,
538 2181 558 2260 6
579 2180 629 2248 διαί
651 2178 825 2284 κρημνούς
824 2187 868 2257 εις
885 2178 994 2286 βάθος
1011 2181 1064 2264 με’-

157 2289 261 2361 χιστον
294 2261 539 2374 ἁπερρωχότας,
582 2263 605 2344 6
637 2269 688 2330 δια
716 2288 843 2370 πετρων
874 2263 1064 2368 τραχύτητα.

159 2351 307 2413 στενωποί
323 2348 381 2450 γάρ
403 2355 460 2414 εἰσι
480 2353 685 2451 χειροποίητον
690 2395 701 2424 ,
731 2345 809 2433 μετιί
829 2351 943 2416 πολλοῦ
951 2345 1064 2452 καμό-

156 2457 212 2496 τοιι
233 2434 298 2505 τοῖς
318 2429 413 2497 πύλαι
431 2429 618 2507 Ιταλιοόταις
642 2435 853 2515 36976696660.
873 2429 960 2534 μετιί
981 2436 1065 2506 δεόιις

157 2509 212 2580 οὖν
227 2516 336 2580 πολλοῦ
352 2511 460 2603 διηει
442 2542 460 2582 ο
478 2511 630 2618 στρατός,
655 2512 881 2590 ἔλπίζσιιιες’
842 2543 900 2591 τας
914 2541 949 2581 τε
966 2513 1064 2596 ἄκρας

157 2598 379 2677 κατειλῆφθαι,
407 2596 591 2701 πεφράχθαι
609 2623 642 2664 τε
660 2595 718 2675 τός
735 2594 888 2674 διόδοος“
872 2625 905 2674 ες
924 2597 1064 2681 κωλύμην

79 2717 81 2722 ·
157 2682 216 2758 τῆς
245 2678 348 2746 αὑτοῖν
376 2679 556 2765 6663ch
596 2682 722 2782 ἤλπιζον
748 2686 781 2750 66
806 2686 858 2747 καί
878 2687 1064 2750 ἐδεδοίκεσαν

158 2760 280 2839 εἰκότα,
309 2765 373 2830 ταῖν
391 2769 513 2850 χωρίων
533 2761 765 2868 τεκμαιρόμενοι
783 2762 841 2845 την
860 2763 964 2869 φύσιν

243 2852 282 2908 ll
323 2845 383 2923 Ως
403 2853 434 2916 66
452 2852 596 2934 διάθηται
614 2845 796 2926 ἀκωλύτως,
810 2846 985 2953 μηδενός
967 2873 1063 2930 εμπο-

157 2926 220 3000 δοιν
238 2932 416 3034 χενομένοιι,
447 2937 692 3040 καταβαίνοντες
713 2939 756 3008 εἰς
783 2927 818 2998 τό
846 2927 1062 3034 στρατόπεδον,

156 3013 215 3094 ἥδη
228 3011 473 3119 οἶνεθόρρησόν
497 3040 531 3082 τε
558 3019 651 3081 καλ
635 3013 833 3082 ιπαιόνισαν·
891 3011 994 3118 ρηῗστό
1031 3038 1062 3081 τε

157 3097 244 3181 αύτιλ
256 3095 359 3165 πιόντα
376 3096 592 3184 προχωρήσειν
605 3125 622 3165 ο
613 3100 811 3182 ’Μαξιμῖνος
824 3097 962 3179 ἤλπισεν,
981 3097 1062 3164 Ἰτα-

140 3161 231 3246 διιόν
243 3187 319 3264 μηδὲ
346 3187 414 3259 ταῖς
419 3187 621 3286 δυςχωρίαις
647 3180 908 3288 τεθαρρηκότων,
944 3178 1061 3259 ἔνθαῆ

156 3261 303 3347 κρύπτειν
317 3263 446 3342 ιουτούς
465 3271 517 3332 καλ
538 3263 644 3338 σοι’ζειν
658 3263 828 3344 ἠδύναντο,
848 3293 870 3344 η
860 3264 927 3331 δι
941 3268 1060 3348 ἐνέδρας

155 3350 385 3444 ἐπιβουλεῦσαι,
420 3344 604 3460 μάχεσθαι’
597 3375 630 3414 τε
647 3347 773 3416 ἄνωθεν
792 3347 864 3426 ἐξ
842 3352 1062 3434 ιιπερκιιμελιωι

116 3435 289 3544 κχωρίοιι.
328 3436 494 3534 γενομένων
512 3439 545 3499 66
564 3431 670 3498 αύτοῖν
686 3437 721 3500 ἐν
741 3459 785 3516 τῳ
771 3433 912 3516 ”πεδιἰμ,
941 3438 970 3498 ολ
992 3455 1059 3497 σκο-

155 3541 214 3586 ποι.
201 3511 431 3610 όπημχειλαν,
440 3512 528 3582 πόλιν
538 3515 670 3592 Ἰταλίας
685 3512 745 3596 την
759 3497 915 3651 μεγίστην,
932 3513 1059 3592 Ἀκυλη-
