2256 4134
273 166 768 248 καταπεπτωκυίας.
854 151 975 256 ,κη’
1049 181 1054 198 ·

52 339 160 451 ηείαις
180 357 232 404 και
224 333 369 438 ὀρμίοις
385 333 449 408 τοῖς
467 357 501 398 τε
520 332 656 408 δείοις”
634 359 733 420 ερχοις
757 331 968 436 οἷνακείμενον·

59 426 142 489 εἶναι
163 425 236 485 δὲ
215 444 317 503 ετερον
333 415 388 484 τίν
408 414 447 482 τά
467 413 648 500 άνθριύπεια
667 422 858 521 διοικοῦντα,
891 427 970 490 ε’κεί-

54 534 106 590 νιμ
135 509 169 570 δὲ
196 506 368 608 πορίζοντα
395 500 453 579 τῆς
475 503 628 583 βασιλείας
656 499 692 566 τά
714 500 916 588 άνενύχλητόν
935 533 970 574 τε

56 593 119 656 καί
127 585 325 690 άμεριμνον
375 580 417 666 μοί
444 588 507 650 δεῖν
537 588 641 649 τοίνυν
668 587 752 660 ξένιον
778 589 875 666 ζητεῖν
899 589 970 674 μηδ’

56 665 241 752 666619609,
274 663 348 735 6666
358 668 421 769 τηῖ
438 663 561 772 οἷνεψαχῖ
581 667 679 734 ταῦτα
689 671 872 769 ε’χχειρίσαι
911 699 969 757 με
990 691 1010 750 3
1078 741 1080 745 ,

57 735 263 836 τονομιίζεται
288 749 326 830 66
349 747 367 816 6
392 748 584 826 Αλεξιανος,
620 756 673 815 καί
689 749 888 856 Αλέξανδρος
907 785 967 824 κα-

55 843 175 912 mm,
197 837 417 937 παραχθέντας
431 833 516 934 αύτῷ
529 833 588 898 τού
600 835 657 899 τού
670 833 798 900 πάππου
815 836 968 921 ὀνόματος

55 929 103 996 εἰς
126 918 164 986 τδ
184 945 240 984 του
228 914 461 994 Μακεδόνος,
490 944 533 992 ως
551 913 633 982 πάνυ
655 942 688 982 τε
704 916 828 996 ἐνδόξου
851 926 903 988 καί
917 954 967 992 τι-

53 1008 220 1104 μηδεντος
238 997 299 1066 ύπδ
323 1001 381 1066 τοῦ
403 1001 566 1076 δοκδῧντος
584 998 704 1103 πατρός
722 1000 905 1105 οἷμφοτίρων
923 1010 974 1075 εί

53 1117 122 1153 ναι.
141 1082 227 1189 τήν
241 1083 440 1162 Ἀντωνίνου,
466 1109 520 1150 του
507 1080 675 1192 Σεβὴρου
694 1084 815 1162 παιδός,
834 1096 968 1192 μοιχείαν

51 1166 236 1254 ἀμφότεραι
256 1197 290 1234 αι
281 1168 439 1244 ’Μαισῆς
455 1170 645 1270 βυχατίρες,
680 1166 760 1248 αὕτη
777 1194 811 1234 τε
830 1173 849 1250 ἡ
871 1199 968 1256 ’19⁶⁶

51 1255 151 1340 βὸτις
172 1249 369 1355 ἐσεμνύνετο,
396 1247 482 1353 πρδς
505 1245 542 1314 τύ
569 1249 642 1325 τούς
662 1249 856 1333 στρατιώτας
877 1259 968 1342 στέρ-

50 1361 125 1422 χειν
140 1333 217 1410 τούς
237 1340 351 1409 παιδας
358 1382 370 1410 ,
397 1329 483 1407 υίούς
500 1335 616 1399 ἐκείνου
633 1336 802 1434 δοκοῦντας
821 1338 924 1404 εἶναι.

143 1417 381 1486 Ἀποδείκνυται
399 1415 437 1496 66
454 1419 577 1500 Καῖσαρ
599 1416 617 1482 6
633 1401 869 1519 Ἀλέξανδρος,
881 1421 966 1527 ὕπα-
988 1433 1007 1490 4
1109 1417 1112 1438 ¹

49 1501 116 1578 τάς
143 1527 180 1568 τε
207 1499 263 1568 σύν
289 1503 336 1584 τηῖ
356 1499 541 1602 Ἀντωνίνηι
592 1498 753 1566 κατελθών
780 1527 814 1568 τε
842 1511 884 1578 εἰς
907 1506 966 1586 τήν

48 1585 255 1688 Σύμκλητον,
289 1586 389 1650 ταῦτα
404 1580 556 1688 ε’κύρωσε,
592 1580 767 1694 χελοιύτατα
785 1595 966 1672 ψηφισαμέ-

49 1699 123 1738 νων
136 1667 265 1736 πάντων
281 1667 302 1734 6
315 1663 500 1734 ἐκελεύοντο·
528 1672 647 1751 πατέρα
660 1671 729 1768 μίν
727 1672 840 1734 ε’κεινον
855 1676 964 1750 δοκεῖν,

49 1757 112 1833 ἔτη
136 1750 297 1863 χεχονότα
304 1755 377 1834 περί
401 1777 460 1816 που
484 1755 660 1826 ἑκκαίδεκα,
694 1748 748 1816 τδν
766 1751 930 1854 Ἀλεξανδρ
932 1783 966 1824 ον

49 1845 87 1906 δὲ
116 1834 216 1910 υἱόν,
241 1861 295 1900 του
283 1830 486 1900 δωδεκάτου
507 1837 715 1909 ἐπιβαίνοντα.
769 1835 864 1910 ωςδί
881 1846 965 1918 Καῒ-·

49 1948 119 2004 σαρ
148 1944 166 1986 ο
157 1917 257 2020 ‘sm
256 1921 386 2024 ξανδρος
405 1915 595 2022 α’πεδείχδη,
631 1917 650 1982 6
668 1915 854 2022 Αντωνῖνυς
872 1921 966 2024 6906-

48 2015 125 2071 λετο
147 2029 245 2068 αυτον
264 1999 304 2068 τά
323 2027 434 2066 εαυτου
422 1998 605 2066 παιδεύειν
629 1997 872 2104 ἐπιτηδεύματα,
907 2005 964 2092 69-

48 2091 193 2197 χεῖσδαί
202 2111 235 2152 τε
253 2089 306 2150 καί
325 2079 478 2195 χορεύειν,
502 2085 560 2160 τῆς
576 2108 609 2150 τε
627 2081 796 2188 ἱερωσύνης
810 2095 965 2158 κοινωνεῖν

47 2167 111 2240 καί
131 2166 271 2254 σχήμασι
290 2173 344 2235 καί
339 2169 464 2268 ε”ρχοις
487 2165 614 2248 ὁμοίοις.
655 2195 676 2246 η
668 2167 727 2235 δ
746 2167 847 2279 μήτηρ
869 2172 1004 2240 961695

46 2286 73 2336 η
63 2251 307 2336 ’Μαμμαία’
286 2252 385 2336 απῆχε
410 2255 465 2332 μίν
491 2278 556 2316 των
583 2253 737 2355 αἰσχρῶν
745 2257 797 2317 καί
817 2280 965 2338 απρεπων
1103 2275 1105 2286 “

44 2337 283 2443 βασιλεῦσιν”
262 2362 375 2446 ερχων,
412 2331 555 2400 διδασκάλ
541 2342 611 2409 λους
637 2358 670 2400 τε
694 2333 797 2414 πάσης
825 2345 964 2439 παιδείας

44 2421 166 2524 λάθρα
191 2425 413 2503 μετεπέμπετο,
448 2420 512 2495 τοῖς
533 2441 566 2482 τε
587 2413 742 2518 σοίφροσιν
761 2417 858 2486 αύτὸν
875 2420 964 2502 ν’)σκει

43 2502 245 2613 μαθήμασι,
280 2504 483 2584 παλαίστραις
501 2525 535 2566 τε
553 2506 606 2566 καί
623 2504 687 2575 τοῖς
706 2500 828 2606 ανδρων
845 2531 965 2589 γυμνα-

44 2596 134 2664 σίοις
154 2591 265 2662 εἴθιζε,
286 2588 426 2652 παιδείαν
440 2608 475 2650 τε
492 2580 551 2665 τήν
564 2580 716 2708 Ελλήνων
730 2592 784 2653 καί
797 2583 965 2673 Ρωμαίων
1040 2629 1042 2634 v

39 2677 240 2742 ἓπαίδευεν.
505 2725 508 2732 .

138 2752 212 2838 '’E9
234 2755 279 2828 οἷς
302 2749 491 2826 Ἀντωνῖνος
517 2745 598 2817 πάνυ
621 2715 784 2864 ησχαλλε,
802 2760 856 2822 καί
874 2783 963 2858 μετε-

41 2845 224 2944 μίχνωσκε
230 2840 368 2944 θέμενος
380 2834 477 2902 αύτδν
496 2832 565 2900 υἱδν
584 2839 638 2902 καί
657 2835 805 2905 κοινωνόν
825 2841 881 2918 τῆς
896 2840 961 2940 69-

39 2928 125 3032 χῆς.
169 2918 243 2996 τούς
271 2944 305 2986 τε
331 2916 386 2986 οὖν
407 2915 605 2994 διδασκάλους
625 2918 725 2987 αὐτού
743 2920 863 2997 πάντας
884 2921 962 2989 οἷπε-
983 2927 1002 2987 6

41 3010 143 3094 σόβει
160 3006 217 3085 τῆς
233 3008 388 3106 βασιλείου
405 3001 516 3082 αύλῆς,
542 2999 629 3078 τινάς
651 3029 685 3070 τε
703 3002 807 3070 αὑτων
821 3003 895 3080 τούς
910 3010 961 3071 ε’ν-

39 3087 257 3169 δοξοτάτους,
295 3086 349 3162 ούς
368 3085 462 3190 μέν’
442 3088 633 3166 απίκτεινεν,
668 3086 722 3160 οὓς
743 3093 775 3153 δε
793 3084 961 3170 ἐφυγάδευ-

39 3190 120 3246 σεν
167 3175 267 3249 αἰτίας
284 3168 511 3274 μελοιοτάτας’
495 3174 703 3278 επιφίρων,
693 3196 737 3244 ως
755 3175 962 3273 διαφθείραιεν

38 3258 147 3343 αύτηῗ
163 3253 220 3322 τόν
240 3253 389 3322 δοκούντα
409 3251 491 3332 υίδν,
520 3279 576 3318 ουκ
597 3255 807 3337 επιτρίποντες
812 3251 961 3356 χορεύειν

37 3376 70 3424 η
56 3335 326 3444 *βακχεύεσδαω
362 3341 597 3422 σωφρονίζοντες
621 3343 669 3411 δὲ,
708 3339 761 3400 καί
780 3363 818 3400 τα
812 3333 942 3422 οἷνδρ
917 3367 960 3404 ων

36 3422 261 3498 διδάσκοντες.
318 3427 369 3497 ἐς
378 3423 528 3490 τοσοῦτον
555 3424 617 3488 δί
611 3415 748 3496 ε’ξεύκειλε
777 3427 959 3505 παρανοίας,
