2254 4130
217 170 595 267 Ηιουοιιοιιιυω
620 205 720 277 ιιι.
718 171 735 226 ·'
881 206 924 273 ιο

10 399 69 458 γαρ
90 365 292 479 ἐνδεχομένην
309 371 413 437 πίστιν
427 367 544 446 ἕξειν”’
516 395 614 456 φοντο
627 397 692 451 την
704 364 821 462 φήμην,
841 397 924 476 προ-

11 456 257 564 διαβεβλημένοις
295 453 351 533 τῆς
379 437 553 554 οἷκορίοτόυ
587 456 642 520 καί
673 453 923 566 ὖπερβαλλοόσης

10 542 129 605 ἐκείνου
153 537 282 642 τροφῆς.
323 537 449 640 πρῶτον
474 539 506 602 δὲ
530 537 630 642 ἔδοξεν
659 563 784 614 αυτοις,
820 541 923 606 ἐπιλέ-

11 629 133 698 ξασθαι
160 625 259 706 ανδρα
283 617 462 723 πρεσβύτην
486 618 556 686 τινοῖ
581 623 634 687 καί
662 615 825 707 σαόφρονα,
865 619 924 690 τόν

11 699 226 808 διαδεξόμενον
252 731 311 783 την
330 701 471 813 ἀργήν,
496 700 583 780 ὅπως
610 701 699 772 αὐτοί
722 729 757 770 τε
780 706 922 783 οωθεῖεν,
981 766 982 770 ,

12 791 66 854 καί
85 785 149 854 ἇπδ
169 790 227 866 τῆς
246 812 361 871 πικρας
380 813 433 852 και
425 783 624 855 ἀκολάστου
640 790 823 890 τυραννίδος
839 784 922 855 ποίν-

12 896 62 947 τες
82 867 316 971 ἇναπρεόσειαν.
358 867 434 936 καθ’
455 867 586 946 εὀιυτοιίς
611 873 644 939 δὲ
668 868 921 976 αναλογιζόμενοι,

13 953 122 1022 οὐδίνκ
149 951 250 1029 οὕτως
274 949 446 1032 ἐπιτήδειον
453 949 631 1063 εὕρισκον,
667 955 711 1030 οἷς
713 959 921 1060 Περτίνακα.

8 1031 74 1106 Ἠν
94 1037 167 1104 δὲ
148 1063 165 1103 ο
189 1039 345 1122 Περτίναξ
362 1033 400 1101 τδ
423 1035 479 1119 μίν
503 1039 589 1122 γένος
603 1033 796 1114 Ιταλιότης,
832 1039 867 1103 ἕν
889 1039 963 1106 δέ4

13 1123 137 1196 πολλαῖς
156 1123 394 1223 στρατιωτικαῖς
413 1141 447 1184 τε
467 1146 518 1185 και
511 1122 704 1198 πολιτικαῒς
719 1115 923 1203 εὐδοκιμήσας
1020 1118 1027 1133 ’

13 1201 159 1306 πράξεσι
191 1199 293 1270 πολλοὶ
306 1207 338 1268 δὲ
357 1229 438 1269 κατα
429 1199 620 1306 Γερμανων
636 1231 689 1271 και
704 1230 767 1269 οων
784 1229 844 1269 υπο
861 1230 949 1283 την

13 1285 169 1366 α’νιιτολήν
188 1281 403 1387 Βαρβάρων’
387 1290 502 1370 εγείρας
517 1283 671 1389 τρόπαια,
698 1283 793 1390 μόνος
810 1310 843 1352 τε
863 1311 921 1352 πε-

15 1376 199 1476 ριλειφθείς
199 1371 263 1435 τοῖν
283 1395 401 1451 σεμνων
417 1367 570 1472 πατρῴων
586 1396 630 1452 τῳ
617 1369 795 1454 ’Κομμόδφ
810 1372 919 1452 φίλων

15 1453 48 1519 δν
62 1453 120 1520 οὐκ
136 1451 312 1529 ἀπέκτεινε,
331 1479 395 1518 των
408 1450 578 1557 Ma'pxov‘
560 1457 691 1556 εταίρριν
706 1477 739 1518 τε
752 1455 806 1517 καί
822 1477 920 1536 στρα-

14 1539 117 1640 ιηγοῖν
136 1532 344 1643 ἐντιμότατον
357 1528 531 1639 γενόμενον,
567 1565 588 1616 ιγ
575 1531 656 1602 διαί
628 1532 922 1646 σεμνότητα
869 1541 923 1602 αι’-

15 1618 178 1726 δοόμινος,
202 1618 286 1699 ἢως
303 1619 418 1699 πένητα
434 1616 583 1718 τηρήσας
619 1612 660 1698 ἦν
676 1644 735 1703 γαρ
755 1643 849 1685 αυτου
868 1622 922 1683 καί

13 1705 108 1769 τοῦτο
136 1704 230 1786 με’ρος
256 1703 321 1767 τοῖν
346 1705 523 1805 ἐγκωμίων,
560 1697 611 1768 ότι
641 1704 764 1767 πλεῖστα
786 1698 921 1794 χπάντων

15 1790 237 1889 ίγχειρισθείς,
267 1783 394 1851 πάντων
412 1783 567 1851 οὐσίαν
538 1808 617 1871 ειχεν
634 1782 790 1852 ε’λόττονα

99 1865 191 1952 Προς
211 1866 249 1948 δὴ
267 1870 379 1936 τοῦτον
398 1891 456 1934 τον
472 1867 665 1950 Περτίνυκα,
691 1864 802 1943 νυκτός
818 1865 922 1970 ἇκμα-
942 1871 961 1931 5

16 1949 146 2032 ζοόσης,
171 1949 299 2018 πάντων
314 1976 349 2018 τε
365 1948 452 2036 ὕπνῳ
471 1953 731 2052 κατειλημμένων,
753 1949 922 2034 ἀφικνοῦν-

16 2063 69 2102 ται
88 2063 105 2102 ο
124 2035 243 2138 Λαζτος
262 2041 315 2100 καί
325 2035 510 2110 Ἕκλιιιτος,
546 2031 673 2136 ὀλίγους
688 2057 751 2100 των
778 2058 922 2140 συνωμο·

16 2147 79 2184 των
98 2115 288 2218 ἐπαγόμενοι.
329 2113 508 2192 ι’πιστοίντες
526 2112 616 2183 δδ
576 2117 689 2198 αυτοῦ,
700 2118 922 2220 κεκλεισμένης

16 2205 72 2281 τῆς
93 2209 207 2278 οἰκίας,
231 2203 301 2276 ταῖς
320 2197 462 2307 θύραις,
482 2205 658 2304 διεγείρουσι
676 2196 732 2265 τόν
748 2197 922 2302 φυλόττον

17 2313 65 2350 τα.
107 2283 232 2362 ἀνοίξας
256 2288 331 2349 δὲ’
315 2307 444 2394 εκεινος,
473 2287 525 2348 καί
530 2279 743 2388 θεασόμενος
767 2278 922 2385 στραιιοί-

18 2394 74 2444 τας
92 2369 269 2451 ε’φεστωτας
289 2394 341 2433 και
333 2365 497 2442 Λαῒτον,
529 2363 565 2431 όν
588 2365 696 2455 ᾔδει”
662 2391 810 2468 επαργον
834 2365 920 2445 ὄντα,

17 2455 191 2556 ἐκπλαγείς
201 2455 254 2516 καί
261 2451 451 2554 ταραχθείς
476 2436 614 2552 ἄγγε’λλει.
653 2475 669 2514 ο
699 2453 731 2513 δὲ
755 2473 839 2528 νγκειν
864 2448 923 2513 av'-
943 2453 961 2511 6

18 2534 90 2610 τούς
108 2531 235 2609 κελεύει,
267 2530 370 2608 δεινοί,
396 2530 630 2635 προςδοκφμενα
649 2534 782 2632 ίαυαῳ*
764 2529 922 2610 ικόστοτε,

18 2618 236 2718 συμβήσεσθαι
253 2613 390 2716 φάσκων.
430 2619 464 2682 ίν
482 2612 623 2717 τοοαότμ
639 2639 713 2715 γουν
732 2612 827 2681 αυτόν
845 2640 925 2717 φασι

18 2706 116 2783 μεῖναι
144 2701 252 2785 ψυχῆς
280 2697 451 2804 αταραξίᾳ,
490 2725 533 2776 ως
559 2684 633 2800 μηδ’
663 2695 830 2783 αναθορεῖν
864 2697 925 2765 τοῦ

21 2787 202 2886 σκίμποδος,
239 2786 340 2884 μεῒναι
365 2787 398 2848 δὲ
421 2783 472 2846 ε’πί
496 2782 554 2848 τοῦ
569 2777 749 2884 σχήματος
792 2784 860 2847 καί·
867 2777 924 2847 τόν

18 2873 134 2975 Λαῐτρν
152 2866 219 2970 ἅμα
238 2893 288 2967 τοι
297 2863 446 2949 Εκλελιτοι
462 2861 653 2941 εἰςελθόντα,
673 2868 775 2931 καίτοι
792 2863 922 2930 δοκοῦν·-
973 2885 975 2896 ’

20 2976 77 3025 τας
93 2953 143 3017 ε’πί
160 2947 245 3051 φόνῳ
264 2945 368 3029 ιγ’κειν,
395 2951 568 3050 προςειπεῖν
585 2971 638 3024 τε,
667 2951 720 3012 καί
739 2947 920 3065 θαρροῦντι,

18 3030 140 3116 μηδὲ’
114 3030 305 3134 ωγριόσαντι
323 3031 370 3115 τῷ
387 3056 566 3136 προςωπω,
595 3027 734 3106 „udam
749 3035 822 3112 μὲν,
855 3024 921 3108 φοί·
943 3047 961 3110 7

18 3143 88 3192 ναι,
114 3121 168 3181 καί
186 3112 290 3216 πόσης
309 3111 420 3189 νυκτός
440 3111 509 3186 τόδε
529 3139 565 3179 το
557 3112 668 3188 τελος
685 3114 741 3179 τοῦ
758 3117 831 3212 βίον
839 3111 922 3197 είγον

18 3197 56 3264 δι’
76 3202 205 3274 ε’λπίδος·
247 3194 340 3300 μόνος
365 3221 399 3263 τε
424 3197 488 3266 τοῖν
506 3222 662 3299 πατρῳων
681 3188 924 3296 περιλειπόμενοι·

19 3282 150 3365 φίλων”
128 3307 191 3356 ετι,
219 3277 433 3382 ε’θαόμαζον’
417 3305 457 3345 επ
456 3276 552 3362 ἐ’μοί
571 3277 731 3384 λόμμοδον
748 3271 921 3380 βραδύνον-

19 3392 69 3431 τα.
117 3360 206 3444 τίδὴ
225 3367 361 3466 μελλετες
394 3361 481 3463 όμεῒς
501 3386 535 3428 τε
554 3389 612 3448 γαρ
632 3355 758 3462 δράσετε
777 3357 813 3425 τό
835 3383 921 3427 κεκε-

19 3451 197 3532 λευσμένον,
226 3444 284 3530 ε’γιί
303 3471 337 3514 τε
355 3471 492 3533 πονηρας
509 3449 628 3562 ἐλπίδος
645 3447 696 3512 καί
715 3439 812 3530 φόβου
831 3466 921 3512 ουνε-
980 3495 1007 3523 ,,
