2256 4134
167 161 226 220 180
468 155 768 218 HERODIANI

166 347 244 388 νετο.
286 327 331 388 ολ
343 345 376 390 τε
400 315 471 426 χοῖρ
486 317 668 423 Ακυλῇσιοι
691 317 763 398 τούς
788 325 822 388 ἐν
846 321 895 431 τῇ
911 317 995 389 πύλει
1012 347 1059 390 τε-

166 403 353 482 λευτῶυτας,
374 431 429 470 ουκ
450 405 568 487 ἔχοντες
586 403 671 480 ὅπως
688 403 895 506 θύφωσιν,’
879 433 911 480 ες
933 406 986 472 τδυ
1004 433 1060 472 πο-

167 486 265 570 ταμδν
281 487 512 592 ἀπερρίπτουν·
562 496 597 553 οἵ
615 512 649 552 τε
676 493 709 554 ἐν
727 489 773 571 τῷ
798 492 924 573 στρατῷ
939 487 1061 592 φονευό-

168 597 258 678 μενοι
275 570 295 651 ἢ
322 567 570 674 διαφθειρόμενοι
590 566 688 675 νόσῳ,
710 553 842 638 ἐδίδοντο
864 576 908 655 τῷ
928 570 1060 657 ῥεύματι,

168 654 225 723 οὐκ
241 650 377 740 ἐχόντων
396 652 499 719 ου’τοῖν
517 652 558 719 τοί
575 651 653 754 πρδς
674 652 776 739 ταφοίς
794 636 960 734 ἐπιτηδεια.

130 743 147 800 8
252 739 462 816 Παντοδαπῆς
489 733 543 803 οὖν
566 735 698 821 οἷπορίας
727 744 779 804 καί
812 743 985 822 δυςδυμίας
1010 735 1064 805 τδν

169 819 304 906 στρατόν
324 819 530 920 κατεχούσης,
556 819 773 904 αι’φνιδίως,’
753 827 987 923 αναπαυομένου
1013 823 1066 930 τοῦ

168 907 384 1010 Μαξιμίνου’
368 933 400 970 εν
419 904 457 990 τῆ
478 905 591 1007 σκηνῇ,
614 909 667 970 καί
683 906 741 985 τῆς
759 904 876 989 ἡμέρας
895 909 1011 984 ἐκείνης
1033 909 1067 972 ἐκ

169 986 269 1053 οἶνέσει
291 987 351 1052 τού
353 991 500 1100 πολίμόυ
519 988 630 1066 οὔσης,
660 990 724 1054 τοῖν
728 1004 785 1054 τε
795 993 978 1054 πλείστων
962 1015 993 1065 ες
1011 986 1067 1064 τοῖς

170 1067 288 1149 σκηνοίς
310 1075 362 1134 καί
387 1069 426 1136 τοί
454 1072 690 1176 ἐγκεχειρισμένα
719 1099 775 1150 της
801 1073 942 1173 φρουροῖς
970 1078 1067 1174 χωρία

169 1149 470 1256 α’νακεχωρηκύτων,
497 1154 577 1228 ἐδοξε
603 1157 667 1230 τοῖς
693 1151 929 1257 στρατιώταις,
941 1161 975 1222 οἳ
982 1152 1068 1259 πρδς

170 1237 223 1339 τῇ
238 1235 404 1338 Ρωμαίων
430 1234 513 1302 πόλει
541 1235 745 1340 στρατόπεδον
770 1239 849 1324 εἶχον
868 1236 933 1348 ύπρ
956 1237 991 1303 τύ
1010 1263 1069 1304 κα·

170 1306 355 1402 λίιύμενον”
337 1344 409 1400 ορος
447 1316 606 1404 Αλβανύν,
636 1321 715 1386 ἔνθα
742 1326 854 1396 παῖδας
879 1325 933 1386 καί
965 1325 1070 1422 γυναῖ-

77 1409 82 1414 ’
172 1429 230 1477 κας
255 1405 524 1480 καταλελοίπεσαν,
552 1403 698 1484 φονεύσαι
722 1402 776 1469 τδν
779 1409 984 1506 Μαξιμῒνοκ·
1027 1403 1070 1478 οἷς

171 1481 344 1550 παύσαιντο
373 1490 428 1566 μὲν
455 1489 579 1586 χρονίου
609 1491 674 1551 καί-
685 1483 858 1589 οἷπεροίντου
869 1491 1069 1590 πολιορκίας,

171 1571 280 1651 μηκίτο
308 1571 340 1633 δέ
367 1573 516 1678 πορθοῖεν
540 1566 673 1635 Ιταλίαν
699 1569 777 1657 ύπέρ
798 1567 951 1653 τυράννου
980 1595 1071 1636 κατε-

131 1653 357 1818 9χνωσμένου
366 1655 417 1714 καί
437 1653 649 1758 μεμισημένον.

257 1741 314 1799 Τολ
309 1729 466 1840 μύσαντες
488 1729 542 1800 οὖν
569 1738 672 1800 ἐπίασι
701 1735 740 1824 τῆ
766 1734 862 1820 σκηνῆ
889 1733 988 1801 αύτού
1007 1741 1077 1818 περί

131 1759 266 1899 9’μεσην
296 1820 427 1918 ημέραν
477 1821 694 1920 συναραμένων
718 1806 750 1884 δί
784 1817 887 1926 αύτφΐς
921 1824 976 1882 καί
1012 1820 1076 1883 τῶν

172 1896 388 1984 φρουρούντων
415 1897 612 2000 δορυφόρων,
644 1898 700 1976 τύς
730 1925 763 1964 τε
790 1897 911 1976 εἰκόνας
939 1905 975 1968 ἐκ
1014 1902 1076 1966 τοῖν

173 1985 305 2086 σημείων
327 1984 519 2058 κατασποῖσι,
541 1988 594 2048 καί
612 1981 705 2048 αύτδν
724 1980 780 2048 σύν
795 2011 838 2066 τῳ
826 1981 947 2048 παιδί
967 1993 1078 2084 προελ-

172 2075 275 2166 δρντα
295 2067 350 2144 τῆς
367 2065 511 2167 σκηνῆς,
541 2093 583 2141 ως
609 2062 696 2146 δη”
674 2093 736 2154 αρα
763 2047 931 2142 διαίέξαιτο
959 2065 1079 2142 αύτοῒς,

172 2146 230 2215 οὐκ
255 2144 458 2250 ἀνασχόμενοι
484 2146 653 2250 οἷναιρούσι.
704 2145 865 2252 φονεύουσι
890 2153 922 2214 δέ
948 2153 1004 2213 καί
1023 2148 1081 2215 τδν

110 2293 111 2300 ,
173 2231 310 2316 ἔπαρχον
330 2233 387 2297 τού
404 2232 549 2316 στρατοῦ,
567 2228 687 2304 πάντας
706 2255 739 2297 τε
756 2229 829 2306 τούς
845 2235 950 2314 ἐκείνῳ
966 2230 1081 2316 θυμή-

175 2340 237 2400 ρεις
267 2319 385 2398 φίλους
437 2317 585 2399 ῥίψαντές
615 2338 648 2378 τε
666 2311 707 2381 τοί
730 2312 855 2395 σώματα
878 2319 944 2389 τοῖς
964 2323 1082 2400 βουλο-

174 2401 275 2500 μένοις
305 2401 469 2501 ἐνυβρίζειν
494 2402 547 2462 καί
571 2399 696 2473 πατεῖν,
730 2402 838 2463 είασαν
863 2401 934 2463 κυσί
961 2423 997 2462 τε
1027 2402 1083 2462 καὶ

142 2549 144 2556 ,
174 2481 275 2581 ὄρνισι
301 2479 408 2582 βαρύν.
458 2482 518 2546 τοῦ
544 2483 576 2546 δέ
594 2483 779 2588 Μαξιμίνου
805 2484 857 2546 καί
882 2482 939 2546 τού
967 2480 1084 2556 παιδὸς

175 2559 236 2636 τοῖς
255 2563 435 2644 κεφαλύς’
406 2590 448 2638 εις
464 2561 521 2641 την
536 2560 665 2664 Ρολμην
683 2564 832 2663 ἔπεμψαν.
873 2560 1007 2666 τοιούτῳ
1026 2568 1085 2646 μέν

176 2642 215 2723 66
243 2648 319 2710 τέλει
345 2651 519 2747 Μαξιμῖνος
543 2651 594 2710 καί
622 2646 639 2710 6
668 2671 742 2721 παις
771 2645 868 2712 αὑτοῦ
895 2644 1085 2731 ἐχρησακτο,

177 2732 263 2802 δίκας
283 2753 422 2830 πονηρας
436 2729 534 2814 οἷρχης
553 2726 749 2832 ύποσχύντες.

139 2837 152 2877 1
259 2815 315 2874 vl.
356 2810 444 2880 0δὲ
471 2809 605 2921 στρατύς
633 2813 695 2886 πᾶς
714 2839 755 2886 ως
773 2809 907 2878 ἐπύθετο
932 2808 1089 2914 167st-

179 2919 276 2979 μενα,
297 2895 329 2962 ἐν
348 2919 382 2958 τε
397 2892 515 2995 ἀφασίᾳ
534 2893 637 2974 ἦσαν,
654 2898 706 2960 καί
725 2893 761 2960 ού
782 2892 865 2960 πάνυ
885 2923 916 2960 τι
932 2925 977 2980 τῳ
999 2923 1089 2981 πρα-

178 2980 290 3078 χθέντι
304 2974 417 3053 πάντες
433 2975 609 3063 ηρέσκοντο
629 3007 680 3044 και
672 2975 829 3079 μύλιστύ
846 2999 888 3078 χε
896 2987 926 3044 οί
949 2961 1092 3054 haiom

178 3065 231 3132 καί
251 3059 319 3128 ὅσοι
336 3058 493 3150 βάρβαροι
515 3064 652 3162 Θρᾷκες,
674 3070 708 3128 οἳ
719 3067 776 3128 καί
791 3088 858 3161 την
867 3059 972 3156 οἷρχην
1002 3061 1091 3166 αύτιρ

178 3147 438 3254 ἐχκεχειρίκεσαν.
483 3143 562 3224 πλην
596 3147 652 3212 τού
684 3145 775 3246 ἔρχου
802 3144 887 3221 ἅπαξ
912 3143 1091 3248 χεχονύτος,

138 3247 157 3290 2
178 3249 306 3310 ακοντες
324 3231 377 3308 μίν
386 3277 397 3305 ,
417 3229 525 3330 ἔφερον
544 3232 589 3295 δέ·
632 3224 751 3332 οἷνφλχκη
770 3253 803 3293 τε
829 3222 867 3306 ἦν
895 3227 1094 3308 συνήδεσθαι

138 3313 245 3385 τοῖς
252 3316 461 3422 πραχθεῖσιν
495 3310 753 3414 ύποκρινομεᾞνοις
810 3315 1023 3413 καταθέμενοί
1062 3335 1117 3376 τε

180 3390 222 3461 ποί
249 3391 390 3473 ύπλα,’
374 3423 407 3462 εν
426 3399 565 3485 εἶρηνικηι
596 3421 729 3482 σχηματι
749 3391 922 3496 προςίχεσαν
938 3401 1009 3474 τοῖς
1029 3399 1117 3462 τεί
