2254 4130
214 224 596 292 HISTORIARVM
620 165 725 313 ΙΙΙ,ρ.
748 240 797 295 ια’.
912 232 960 298 51

43 394 168 505 τίργῆν
173 359 347 484 ἐγχειρίσαι
369 421 387 461 ο
378 391 485 461 δ’
456 421 501 471 ως
521 393 597 500 ἐγνω
628 387 686 476 την
705 394 771 463 τοία
792 391 942 466 Παιόνων
964 427 1000 471 12

42 509 202 588 γνωμην,
215 486 363 582 διέπεμψε
386 482 441 544 καί
459 484 503 554 εἰς
522 476 564 544 ui
584 481 770 587 γειτνιαῖντα
785 480 886 561 ἔθνη,
905 484 960 550 καί

43 565 127 652 πρός
157 561 280 640 ποίντας
307 559 381 638 τούς
410 560 566 663 ίίρχσντας
590 564 655 628 ταῖν
673 561 725 629 ὑπ
746 562 853 651 ἄρκτῳ
870 563 960 632 Ρα-

42 655 169 758 μαίσις
175 641 381 716 δσαλευιίντον
412 645 526 712 ἐθνων.
586 643 730 729 μεγοίλαις
767 672 801 714 τε
836 645 960 727 πάντας

42 733 232 818 ὑποσχέσεσι
250 735 304 797 καλ
330 733 448 796 ἐλπίσιν
474 726 675 805 ἀναπείθων,
703 731 856 834 ῥηιδίως
836 730 959 816 σπηγοί-

42 841 126 902 γετσ.
168 809 439 890 ίκανιίτατσςδ’
420 841 459 900 ην
472 839 599 879 παντων
607 810 788 918 ανθρωπων
799 811 943 918 μαλιστα
962 830 999 891 13

44 896 325 1002 πρσςπσιὴσασθαί
340 920 374 963 τε
393 899 447 964 καί
464 892 689 963 πιστώσασθαι
706 897 850 978 εὔνοιαν,
879 923 959 982 μητε

43 981 152 1087 ὅρκου
173 979 369 1084 φειδόμενος,
402 985 432 1047 εί
465 982 558 1046 δέοι
561 976 692 1046 τούτου
706 983 956 1085 καταφρονῆσαι,

41 1062 242 1165 ψευσάμενος
275 1089 375 1170 προς
390 1089 426 1129 τσ
462 1062 623 1165 γρειωδες·
664 1060 714 1132 διιί
747 1089 783 1132 τε
820 1062 958 1150 γλιίττης

42 1145 232 1238 πραλλπό,”
212 1173 274 1215 σσα
292 1144 336 1232 μοὶ
346 1146 479 1255 ἅμερον
473 1151 524 1215 ἐπί
543 1141 676 1248 γνοίμης.

129 1235 173 1297 X
210 1227 434 1338 θερρπειίσας
441 1225 498 1298 οὖν
527 1225 578 1296 δια
613 1225 803 1332 γραμμάτων
835 1224 994 1308 ποίνταςι

43 1343 122 1394 τσσς
136 1343 218 1384 κατα
237 1309 632 1418 τσ’1λλυρινσν..ἅμαναί
648 1311 820 1418 ἄρχοντας,
838 1341 957 1401 πρσςη

42 1399 158 1507 γάγετσ
179 1395 304 1474 αὗτσιίς.
322 1395 480 1501 οἶθρσίσας
498 1402 530 1464 δέ
550 1422 624 1471 τσας
618 1394 838 1500 πανταχόθεν
858 1424 956 1499 στρα-
1030 1419 1032 1425 ·

42 1483 183 1560 τιοίτας,
211 1481 285 1549 ανπί
306 1478 499 1584 Σεβήρσυ
471 1505 506 1546 τε
534 1478 647 1547 ἐαοτσν
672 1480 899 1581 ΙΙερτίνακα’
882 1507 955 1549 ανσ-

41 1592 170 1653 μασας,
198 1561 289 1652 (ὅπερ
306 1590 343 1630 σα
362 1589 458 1671 μονον
478 1562 580 1643 η”λπιζε
600 1567 665 1640 τοῖς
680 1559 859 1667 Ἰλλυρικοῖο
877 1565 957 1633 εἶναι

42 1644 396 1760 ammirandum
322 1645 477 1714 αλλείκαί
502 1675 546 1732 τῳ
534 1644 657 1731 δήμῳ
684 1673 747 1712 των
773 1647 954 1750 Ρωμαίων,

42 1741 97 1802 δια
127 1759 187 1812 την
222 1738 339 1798 εκείνσα
367 1728 508 1834 μνήμην,
516 1733 533 1812 >
565 1733 753 1830 συγκαλέσας
782 1755 817 1796 τε
842 1728 956 1806 αὐτους

42 1824 88 1894 εἰς
108 1842 147 1884 τσ
169 1821 293 1892 πεδίον,
315 1818 369 1882 καλ
386 1812 528 1900 βηματσς
548 1811 636 1946 αὐτιμ
655 1811 836 1918 ρῖρθέκτσς,
862 1813 956 1883 ατελ-

43 1897 155 1969 θοντε
147 1899 221 1974 ’λεξε
237 1895 359 1965 τοιοίδε·
503 1925 504 1930 “

129 1979 206 2061 „Tb
233 2007 345 2048 πιστον
370 1979 483 2086 ιίμοίν
487 1985 542 2046 καί
567 1975 646 2066 πρός
675 2003 709 2048 τε
736 1977 832 2056 θεούς
862 1977 957 2062 σεβί·
977 2012 996 2056 2

41 2093 154 2151 σμιον,
180 2063 235 2142 οὓς
262 2064 392 2170 ὄμνυτε,
421 2089 523 2170 προς
529 2087 562 2130 τε
580 2066 792 2165 βασιλίσςί
758 2091 876 2167 τμιον,
902 2092 956 2143 σας

40 2155 205 2226 αἰδεῖσθε,
212 2145 413 2228 δεδηλοίκατε
433 2145 471 2215 δι
497 2143 541 2212 ὦν
568 2145 770 2232 ἀγανακτεῖτε
790 2150 830 2231 ἐφ
831 2146 956 2226 ’‘olg-
926 2175 957 2218 σι

42 2261 130 2304 κατα
162 2260 222 2312 την
249 2229 379 2314 Ῥοίμην
401 2256 609 2334 στρασισιται,
640 2233 765 2331 πομπῆς
791 2231 956 2335 μᾶλλσα“
934 2260 955 2314 η

41 2313 238 2402 ανδρείας“
216 2319 388 2419 απηρέται,
409 2312 591 2416 ἐτόλμησαν.
632 2311 727 2414 κᾷμοί
751 2319 784 2381 δὲ
805 2312 841 2381 δι
862 2311 956 2399 εὐχῆς

41 2408 132 2479 ἐστι,
171 2396 325 2483 πρότερον
360 2403 416 2481 μὲν
452 2395 516 2465 ουδ’
546 2396 653 2464 ἄλλοτε
671 2394 957 2502 ιῖντιπσιησαμένῳ

40 2481 198 2561 τοιαύτης
222 2484 361 2556 ἐλπίδος,
388 2483 469 2562 (ίστε
487 2477 547 2582 γάρ
564 2507 624 2564 μου
643 2506 680 2548 το
701 2507 781 2565 προς
797 2507 873 2557 ταας
892 2493 955 2561 βα-

43 2563 249 2638 σιλεοσαντας
272 2561 457 2666 πειθηνισν,
465 2565 543 2644 )”
503 2591 561 2631 νυν
581 2567 650 2632 δί’
633 2570 686 2631 επί
710 2568 793 2640 τέλσς
821 2589 854 2632 τε
875 2563 956 2651 α’γα·

42 2655 108 2758 γείν
133 2650 189 2716 καί
220 2643 333 2715 α’νιίσαι
360 2649 478 2725 ταῦτα,
505 2645 588 2754 ἅπερ
615 2650 700 2715 ἐστίν
728 2647 803 2733 ιίμῒν
827 2671 956 2735 κεχαρι-

44 2737 163 2819 σμένα,
182 2759 241 2812 την
256 2755 290 2797 τε
291 2729 515 2835 Ρωμαίων’
493 2758 592 2818 αργην
619 2759 663 2816 μη
656 2729 828 2834 περιίδεῖν
849 2736 957 2836 ἐρ’ῥιμ-

39 2821 155 2904 μέτην·
197 2844 218 2894 η
237 2839 388 2919 προτερον
404 2821 461 2899 μίν
479 2819 570 2926 με’γρι
591 2817 709 2901 καιρῶν
735 2839 953 2920 σεμνοπρεπως
977 2841 997 2905 3

39 2902 256 2982 δισικουμενη,
282 2894 448 2981 σεβίσμιος
475 2903 635 3000 ἐφαίνετο,
665 2905 708 2976 εἰς
732 2898 897 3006 Κόμμοδσν
922 2905 956 2972 δέ

31 3007 282 3070 Δμεταπεσσιισα,
307 2988 337 3048 εἰ
359 2985 416 3048 καί
435 3008 504 3048 τινα
532 3009 576 3048 οτι
610 2985 725 3050 ἐκείνου
746 2983 797 3051 διοὶ
822 2979 957 3086 νεότητα

33 3071 279 3171 ,ἐπλημμελεῖτσ,
315 3062 377 3132 ἀλλ’
407 3060 462 3133 οὖν
493 3065 534 3154 τῇ
566 3063 700 3151 εὐγενείᾳ
736 3070 792 3132 καί
823 3067 863 3154 τῇ
898 3064 957 3131 τοῦ

40 3175 188 3258 πατρσς
198 3177 320 3256 μνημη
325 3146 532 3222 ἐπεσιτίζετο·
562 3155 617 3216 καί
640 3145 776 3217 πλέον
756 3175 795 3228 ην
814 3153 848 3214 ἐν
845 3145 958 3252 αατᾷ

41 3260 82 3303 τσ
103 3229 320 3338 ἐλεσείμενσν’
303 3229 351 3318 εφ’
379 3236 425 3310 σίς
443 3228 622 3315 ἐσφάλλετο,
652 3234 673 3312 ἢ
698 3257 734 3299 το
761 3227 954 3334 μισούμενον,

38 3321 115 3388 ἐπεὶ
131 3345 172 3384 τα
165 3315 321 3382 πλεῖστα
338 3343 402 3382 των
417 3313 639 3426 γινομένων’
602 3343 657 3382 ουιι
676 3322 719 3390 εἰς
738 3317 854 3386 ἐκεῖνον
881 3340 956 3386 ανε-

33 3405 205 3505 qt'oopm
223 3396 285 3468 ἀλλ’
312 3405 354 3476 είς
379 3399 454 3475 τσίς
480 3403 550 3501 περὶ
577 3397 673 3466 αὐτον
692 3394 825 3476 κόλακάς
850 3425 885 3469 τε
902 3401 957 3469 καλ

41 3484 83 3554 οὐ
105 3479 291 3573 πρεπόντων
312 3484 410 3572 ἔργον
427 3482 508 3576 ὁμοῦ
527 3479 717 3637 ουμβοίλοὸις
742 3507 777 3554 τε
800 3483 893 3556 καὶ
872 3511 958 3567 σπη-

718 3589 740 3634 ο
