2256 4134
169 199 229 263 164
473 189 767 254 HERODIANI
880 133 888 190 ί

166 340 336 462 δπογνοίσει
354 352 529 463 γενόμενος,
557 355 672 425 ἒννοων
699 349 759 516 τήξν
770 349 917 465 δόναμιν
935 351 1076 460 Μαξιμί-

167 473 240 522 νου,
275 442 362 512 οόδίν
382 443 449 509 δί’
432 441 513 545 οροῖν
536 445 570 507 ἐν
589 437 692 528 Λιβόη
713 436 735 506 οἷ
735 437 880 525 ξιόμαχον
900 436 1074 528 ἰσόρροπον,

169 527 340 615 ἀνήρτησεν
359 522 470 592 ἑαυτόν
487 519 612 628 βρόχω.

129 617 149 677 5
250 611 472 714 Κρυπτομὲνης
492 613 523 674 δὲ
545 589 644 676 αότοῦ
662 605 731 709 τῆς
740 605 901 686 τελευτῆς,
931 603 990 672 τόν
1010 605 1076 674 υιόν

169 694 265 764 αὐτοῦ
281 692 534 794 στρατηγήσοντα
549 688 587 771 δὴ
603 716 658 757 του
643 685 813 769 ’πλήθους
829 699 953 756 ελλοντο.
990 717 1077 776 γενο-

169 781 306 890 με’νηςδὲ
311 776 495 880 συμβολῆς,
522 800 551 840 οι
543 775 623 858 ’μίν
637 770 845 880 Καρχηδόνιοι
861 772 941 874 όχλφ
959 780 1078 849 πλείους

156 860 265 970 ἦσαν,
304 885 433 958 μτακτοι
458 863 490 924 δὲ
514 884 566 939 και
557 857 791 964 ’πολεμικωγ”
766 883 867 941 εργοιν
886 854 1077 932 οἷπαίδευτοι,

169 944 223 1012 όίτε
248 949 281 1011 ἒν
304 939 412 1044 εἰρήνη
435 944 550 1020 βαθείᾳ
577 943 807 1041 τεθραμμέναι,
830 944 952 1024 ἑορταῖς
970 966 1005 1005 τε
1026 945 1077 1005 καί

169 1028 301 1116 τρυφαῖς
315 1012 510 1127 σχολάζοντες
524 1021 588 1100 οἷεί,
614 1027 724 1109 γυμνοί
736 1048 770 1089 τε
788 1019 890 1090 όπλοιν
907 1026 962 1088 καί
979 1021 1078 1128 α’ργό-

129 1113 233 1178 δνων
257 1109 435 1213 πολεμικόν.
493 1111 621 1182 ἕκαστος
652 1109 684 1172 δὲ
712 1109 872 1191 ε’πεφίρετο
897 1107 1078 1173 οἴκοθεν
1057 1137 1077 1186 η

170 1199 296 1276 ξιφίδιον
313 1219 341 1294 η
352 1194 477 1256 πελεκυν
497 1185 625 1292 δορότιοί
645 1214 680 1255 τε
700 1195 733 1257 ἐκ
755 1192 953 1302 κυνηγεσίων·
996 1185 1077 1274 βόρ-

171 1304 229 1353 σας
245 1299 279 1342 τε
300 1271 359 1349 τάς
376 1268 566 1377 ε’μπεσοόοας
584 1270 793 1376 περιτεμόντες
815 1300 867 1338 και
858 1269 971 1383 3⁶²²„
976 1299 1077 1339 κατα-

170 1365 333 1464 πρίσαντες
347 1360 390 1442 εἰς
405 1384 445 1423 τα
461 1352 683 1460 παρατυχόντμ
701 1352 864 1442 σχήματα,
884 1382 929 1432 ως
950 1361 1079 1430 ἕκαστος

113 1489 115 1496 ,
170 1441 315 1519 ε’δόνατο,
344 1436 511 1542 πρόβλημα
540 1464 595 1506 του
603 1465 768 1542 σωματος
793 1443 933 1507 ἐποιεῖτο.
986 1447 1017 1506 οῖ
1045 1447 1078 1507 δὲ

169 1538 221 1596 Νο
221 1521 315 1638 μόδες
332 1519 514 1589 οἷκοντισταί
532 1545 564 1586 τε
583 1520 741 1626 εόοτοχοι
748 1526 801 1589 καί
824 1527 924 1598 ἱππεῖς
929 1549 1076 1626 αριστοι,

171 1636 215 1686 ως
243 1613 297 1674 καί
320 1605 497 1706 χαλινοῖν”
476 1629 549 1671 ανευ
557 1602 678 1713 ῥάβδῳ
687 1601 782 1716 μόγη
806 1602 861 1671 τόν
874 1602 996 1705 δρόμον
1016 1635 1079 1674 των

133 1711 150 1771 7
172 1703 275 1759 ἵππων
290 1688 452 1794 κυρερνᾷν.
490 1695 593 1775 ρᾳστα
610 1683 666 1756 οὖν
680 1692 850 1791 ἐτρέψαντο
866 1716 929 1754 των
945 1699 1079 1792 Καρχη-
1114 1755 1115 1774 χ

171 1781 236 1844 δον
236 1802 280 1840 οιν
305 1799 341 1839 το
357 1773 509 1876 πλῆθος,
540 1778 627 1856 οίπερ
653 1770 711 1858 οόχ
733 1771 958 1880 υπομείναντες
973 1801 1079 1839 αυτων
1114 1785 1115 1812 ³

124 1860 127 1872 ¹
171 1857 229 1938 τήν
239 1851 405 1960 ἐμβολήν,
441 1851 544 1921 πάντα
564 1855 755 1959 ῥίψαντες”
733 1873 862 1940 εφυγον
904 1853 1081 1962 οόθοόμενοι
1114 1915 1115 1932 ,

172 1939 248 2009 δί
229 1967 273 2006 υπ
305 1936 440 2017 α’λλήλων
465 1942 527 2006 καί
541 1935 743 2046 πατοόμενοι,
760 1940 949 2014 πλείους
927 1937 992 2006 υπό
1022 1941 1115 2030 τοῦ
1114 1957 1115 1982 ¹

172 2028 281 2091 οἰκείου
306 2019 447 2102 πλήθους
472 2019 707 2123 ἐφθάρησαν
675 2051 706 2101 η
730 2047 810 2125 προς
835 2048 898 2087 των
917 2029 1079 2107 πολεμίων.
1114 1987 1115 2104 ί

171 2108 251 2174 ἔνθα
270 2107 360 2171 καί
338 2130 359 2208 μ
379 2129 435 2170 του
422 2106 624 2210 Γορδιανου
641 2102 708 2180 υίός
727 2102 883 2181 αποίλετο,
911 2113 946 2171 οἵ
961 2131 994 2171 τε
1011 2112 1082 2210 περί

159 2188 268 2257 αὐτόν
299 2180 428 2263 πόντος·
480 2190 523 2263 οἷς·
554 2186 604 2255 διοί
637 2189 760 2269 πλῆθος
791 2186 970 2271 πτωμότοιν
1000 2189 1080 2274 μήτε
1114 2265 1115 2274 ¹

172 2273 289 2376 νενραῖν
305 2269 462 2380 οἷναίρεοιν
487 2268 566 2355 πρός
592 2298 698 2355 ταφην
722 2274 866 2374 γενέσθαι
891 2275 1078 2354 δυνηθῆναι,

133 2355 248 2442 θμήτε
276 2353 313 2421 τό
339 2381 394 2457 τομ
421 2357 490 2421 νέου
510 2356 693 2462 Ῑμρδιανοῦ
706 2354 795 2438 σοῖμα
819 2353 997 2465 ευρεθήναι.
1051 2363 1079 2459 ρὶ

97 2455 98 2464 ’
172 2444 228 2524 μίν
246 2436 305 2523 γοίρ
312 2435 504 2542 φεύγοντες,
531 2435 599 2504 ὅσοι
618 2462 652 2503 τε
671 2431 752 2516 ἦσαν
772 2442 938 2522 ἐἰςρυέντες
958 2445 1002 2514 εἰς
1023 2469 1080 2519 την

171 2518 406 2621 Καρχηδόνα,
395 2520 462 2589 όσοι
475 2545 509 2587 τε
522 2525 631 2588 λαθεῖν
646 2517 862 2630 ἠδυνήθησαν,
889 2526 1080 2589 σκεδασθεἍν

174 2622 224 2680 τες
251 2611 294 2680 εἰς
319 2630 423 2670 πασαν
449 2633 506 2684 την
535 2601 642 2681 πόλιν,
679 2601 776 2671 οὖσαν
799 2607 944 2710 μεγίστην
967 2627 1003 2672 τε
1028 2611 1083 2673 καί

173 2684 305 2766 πολλήν,
341 2685 469 2799 όλίχοι’
449 2715 484 2753 εκ
504 2689 621 2754 πολλοῖν
639 2683 822 2791 ἐσώθησαν·
846 2685 954 2756 τοδί
973 2688 1080 2756 λοιπόν

172 2772 311 2849 πλῆθος,
334 2773 405 2872 περί
419 2776 487 2846 ταῖς
506 2769 616 2875 πόλμις
632 2767 925 2876 στενοχωρούμενοι,
947 2797 1079 2878 παρεις-

172 2856 263 2919 δυναι
282 2849 536 2932 οπουδόζοντος“
518 2852 665 2931 εκοίστου,
688 2851 891 2959 βαλλόμεγόν
888 2881 922 2921 τε
937 2854 1001 2921 ὖπό
1017 2885 1081 2923 των

171 2935 403 3011 ἅκοντιστων,
401 2941 465 3002 καί
488 2935 730 3044 τιτρωσκόμενον
757 2935 818 3004 υπδ
844 2941 908 3005 ταῖν
933 2937 1077 3014 ὁπλιτων,

61 3069 65 3076 -
133 3045 152 3105 9
171 3025 369 3104 διεφθείρετο.
410 3020 503 3102 πολλή
519 3027 551 3087 δὲ
563 3019 686 3128 οἰμαγη
698 3019 781 3088 κατοί
798 3021 856 3103 τήν
867 3016 956 3089 πόλιν
971 3051 1079 3126 γυναι-

172 3131 237 3169 νων
255 3128 289 3172 τε
308 3107 363 3169 καί
378 3108 524 3182 παιδίοιν,
551 3100 596 3170 οἷν
614 3107 649 3169 ἐν
667 3105 740 3184 όψει
763 3112 792 3170 οἱ
819 3106 1012 3188 φίλτατοι
990 3104 1077 3172 αποό-

171 3193 267 3288 λογτο.
298 3191 403 3292 ἕτερον
423 3192 459 3253 δέ
474 3215 583 3271 φασιν,
613 3213 658 3263 ως
676 3185 714 3267 δη
735 3189 834 3254 ταῦτα
852 3194 931 3256 οἴκοι
947 3214 1077 3291 μεμενη-

168 3267 238 3338 νόει
259 3258 308 3336 διό
323 3297 422 3374 γηρας
441 3275 487 3357 τιή
506 3267 663 3376 πρερθότη
680 3272 842 3375 Γορδιανφῖ
861 3269 1033 3376 οἷπηχγὲλη,
1060 3269 1077 3339 ό

170 3376 204 3417 τε
226 3353 431 3429 Καπελλιανος
457 3353 635 3430 εἰςελαόναν
659 3360 702 3430 εἰς
722 3353 777 3434 τήν
794 3356 987 3457 Καρχηδόνα
1008 3361 1076 3436 ε’δη-

168 3430 274 3518 λοίθη,
299 3435 377 3506 ἐν
355 3435 527 3522 απογιιίοει
543 3444 576 3508 δὲ
594 3433 722 3506 πόντων
733 3434 912 3524 γενόμενος,
934 3439 1075 3518 εἰςελθαν

775 3667 791 3796 λ
