2256 4134
251 189 628 289 Ηιετοπιιπνπ
654 225 701 304 v,
722 225 752 288 σ.
897 209 954 294 225

24 395 91 478 τῆς
114 412 154 462 τε
178 382 398 468 Παλλαδος
362 418 398 460 το
420 389 569 501 ἄγαλμα,
593 345 784 502 ὐκρυπτύν
786 389 904 462 ναλ”
855 421 913 485 αορ
915 425 955 462 α

24 508 90 547 τον
118 477 246 566 σέβουσι
264 475 435 578 Ῥωμαῖοι,
471 482 514 552 είς
533 469 588 542 τάν
606 479 720 544 ἑαυτοῦ
738 425 913 586 θάλαμονρ
898 506 954 562 με·
1002 529 1004 542 .

23 562 175 674 τήμαχε
215 564 270 627 καί
286 589 329 644 μη
321 557 478 640 κινηθὲν
494 565 527 636 ἐξ
541 557 638 665 οὗπερ
656 555 753 640 ἦλθεν
769 588 831 630 απο
848 559 952 640 Ιλίου,

23 655 56 714 εἰ
76 675 131 758 μη
153 669 206 710 οτε
225 670 301 748 πυρι
293 645 514 746 κατεφλέχθη
532 669 549 710 ο
570 669 666 722 νεως,
694 645 889 724 ε’κίνησεν
851 672 953 722 ουτος,

22 735 89 797 ιιαι
120 726 203 810 πρύς
221 725 319 832 χάμον
339 721 377 806 δὴ
397 733 440 802 είς
458 724 516 806 την
536 733 687 813 βασίλειον
703 725 806 830 μύλην
824 731 869 832 τῷ
888 733 955 836 θεῷ

22 810 186 912 οἶνηχαχε
227 809 331 896 φήσας
360 815 392 876 δί
416 807 653 913 άπαρὲσκεσθαι
672 809 771 913 αὐτῷ,
809 839 853 890 ως
871 811 953 882 πάν·
974 820 993 880 4

22 925 69 964 τα
103 899 141 962 ἐν
167 891 272 970 ὅπλοις
294 897 349 959 καί
368 893 513 982 πολεμικῇ
531 895 617 998 θεῷ,
653 896 711 975 τῆς
733 893 888 1000 Οὐρανίας
915 896 953 964 τύ

22 981 162 1066 ἆχαλμα
196 981 428 1062 μετεπέμψατο
488 974 641 1056 σεβόντων
674 976 751 1046 αὐτά
787 977 953 1085 ὐπερφυοῖς

21 1064 264 1150 Καρχηδονίων
283 1085 317 1126 τε
338 1064 391 1126 καί
411 1087 475 1126 των
492 1057 574 1127 κατά
600 1089 659 1141 την
674 1058 799 1170 Λιβύην
818 1060 951 1169 άνθραί-

21 1175 115 1214 πων.
161 1147 239 1246 φμσί
261 1147 293 1212 δὲ
322 1140 401 1210 αὐτά
425 1141 510 1211 Διδοί
540 1141 598 1225 τήν
623 1147 795 1214 Φοίνισσαν
822 1153 870 1232 ίδρ
873 1175 950 1215 υσα-
994 1163 997 1169 “

22 1242 139 1307 σθαι,
170 1223 223 1294 ὅτε
239 1225 279 1307 δὴ
298 1225 358 1308 την
377 1224 513 1314 άρχαίαν
528 1225 728 1378 Καρχηδόνα
734 1226 861 1298 πάλιν”
839 1257 950 1307 εκτισε,

18 1313 163 1400 βύρσαν
189 1312 432 1414 κατατεμούσαν.
472 1316 588 1413 Λίβυες
615 1316 685 1418 μὲν
691 1307 746 1380 οὐν
766 1310 865 1392 αὐτην
884 1313 950 1384 Οὐ-

19 1401 151 1483 ρανίαν
169 1396 310 1462 καλούσι·
345 1399 406 1464 Φοί
405 1417 486 1471 νικες
503 1393 557 1462 δὲ
558 1393 766 1500 Αστροάρχην
781 1393 950 1482 ὀνομάζον·

21 1509 79 1557 σι,
117 1477 249 1559 σεληνην
269 1478 348 1546 εἶναι
366 1481 519 1553 θελοντες.
560 1478 703 1584 άρμοζειν
728 1482 832 1546 τοίνυν
855 1486 949 1585 λεχων
970 1486 989 1544 5

18 1565 39 1632 ὁ
62 1559 264 1639 Ἀντωνῖνος
282 1559 382 1648 χάμσν
397 1559 485 1665 ἡλίου
500 1565 552 1628 καί
567 1561 711 1666 σελήνης,
742 1561 777 1630 τό
799 1588 831 1630 τε
852 1565 948 1668 άχαλ-

16 1677 88 1752 μα
107 1647 335 1750 μετεπεμψατο
360 1649 413 1711 καί
438 1641 542 1710 πάντα
573 1642 627 1712 τύν
657 1650 778 1713 ε’κεῖθεν
813 1645 946 1750 χρυσόν·

17 1727 182 1832 χρήματά
220 1753 254 1794 τε
287 1727 480 1812 πάμπλειστα
507 1757 564 1808 την
590 1727 668 1796 θεάν
695 1736 738 1806 εἰς
766 1735 879 1813 πρσῒκα
909 1730 947 1812 δη
1003 1745 1007 1754 '

19 1813 199 1884 ἐπιδοῦναι
226 1815 406 1880 ἐκέλευσε.
401 1816 569 1915 κομισθέν
598 1837 632 1880 τε
659 1810 696 1883 τύ
707 1813 843 1916 αχαλμα
872 1841 947 1882 συν-

18 1897 126 1984 ῴκισε
158 1894 198 1976 δη
220 1897 265 1980 τῷ
290 1897 376 1980 θεῷ,
413 1892 574 1973 κελεύσας,
610 1892 738 1972 πάντας
763 1895 837 1974 τούς
865 1895 946 1966 κατά

14 1965 166 2065 ’Ῥώμην
186 1983 239 2045 καί
247 1961 393 2082 ’ῑΙταλίαν
412 1977 604 2081 ἀνθρώπους
614 1979 791 2090 ἑορτάζειν,
827 2007 949 2048 παντο
1026 2007 1028 2012 ·

16 2069 151 2140 δαπαῖς
175 2087 210 2128 τε
233 2059 451 2168 εὐφροσύναις
455 2066 508 2127 καί
527 2061 671 2168 εὐωχίαις
689 2064 830 2166 χρῆσθαι
848 2072 946 2150 δημο-

16 2155 76 2236 σία
100 2173 138 2214 τε
162 2173 214 2212 και
206 2151 315 2250 ἰδίην,
348 2172 392 2223 ως
410 2137 451 2226 δη
469 2145 651 2229 χαμούντων
669 2149 764 2213 θεων.

115 2227 334 2298 Κατεσκεύασε
358 2233 390 2297 δὲ
414 2233 468 2294 καί
487 2234 521 2296 ἒν
539 2232 585 2316 τῷ
602 2231 775 2340 προαστείχν
792 2227 872 2298 νεων
863 2232 946 2338 με’·
968 2243 986 2302 6

14 2312 138 2417 χιστόν
160 2338 194 2378 τε
209 2317 262 2378 καλ
275 2299 549 2380 πολυτελέστατον·
587 2319 632 2391 εἰς
651 2311 687 2378 ὃν
705 2313 836 2381 ἑκάστου
856 2341 946 2392 ετσυς

13 2401 149 2483 κατῆγε
171 2422 227 2462 τον
249 2393 346 2474 θεάν,
383 2393 574 2500 ἀκμάζοντος
593 2399 719 2502 δίρους.
758 2395 950 2484 πανηχύρεις-

13 2511 53 2552 τε
85 2476 299 2556 παντοδαπάς
326 2476 517 2584 συνεκρότει
556 2477 765 2585 ἱπποδρόμους
789 2505 824 2550 τε
843 2509 944 2550 κατα-

13 2563 188 2640 σκευάσας
208 2591 261 2630 και
253 2566 420 2666 θέατρα,
454 2560 504 2630 διά
522 2587 558 2630 τε
571 2562 727 2676 ηνιοχείας
746 2569 799 2632 καί
817 2562 946 2636 πάντων

12 2647 204 2750 θεαμάτων
238 2643 344 2713 καί
322 2643 528 2729 ακουσμάτων
558 2651 707 2714 πλείστων
734 2645 954 2757 εὐωχούμενον

12 2735 78 2803 τύν
110 2732 215 2836 δῆμον
237 2733 293 2798 καί
317 2733 548 2840 παννυχίζοντα
559 2728 779 2819 εὐφραίνειν’
753 2753 845 2836 ῳετο·
887 2733 954 2804 τόν

9 2846 51 2888 τε
85 2813 173 2884 θεάν
202 2811 299 2881 αὐτύν
326 2813 495 2895 ἐπιπάσας
526 2812 662 2899 α’ρματι,
699 2817 823 2920 χρυσηῖ
833 2843 866 2884 τε
891 2823 944 2884 καλ

9 2909 128 2975 λίθοις
155 2893 354 3003 τιμιωτάτοις
365 2903 612 3004 πεποικιλμένῳ,
639 2903 776 3010 κατῆχεν
803 2899 866 2967 άπο
887 2904 943 2980 τῆς

8 2984 186 3059 πόλεως’
169 2988 221 3049 επί
235 3007 271 3048 το
290 2978 482 3082 προάστειον.
523 3007 560 3048 το
551 2979 654 3050 δί“
632 3011 718 3085 αρμα
736 2980 808 3066 ἦγεν
821 2980 938 3059 εξάπω-
964 3003 993 3068 7Ὺ

8 3083 97 3146 λον,
130 3073 237 3132 ἵππων
255 3066 369 3132 λευκῶν
388 3071 538 3170 μεγίστων
557 3089 590 3132 τε
609 3070 662 3134 καί
681 3065 833 3141 άσπίλων,
862 3090 942 3172 χρυ-

8 3157 64 3261 σῷ
98 3151 208 3254 πολλω
243 3151 296 3215 καί
331 3147 481 3253 φαλάροις
516 3153 663 3228 ποικίλοις
698 3152 940 3249 κεκοσμχμενων,

5 3239 79 3314 τάς
113 3258 149 3300 τε
175 3215 268 3314 ηνίας
295 3237 449 3317 κατεῖχενι
499 3232 632 3335 (ρύδέπω
659 3236 691 3301 δί
718 3258 773 3298 τσυ
803 3256 942 3314 αρματος

6 3324 203 3418 ἅνθρωπος
235 3319 410 3421 ἐπέβαινεν
419 3319 447 3417 )„
482 3315 569 3420 αὐτῷ
598 3321 632 3384 δδ
661 3318 859 3422 περιελιειντο,
896 3342 965 3393 ως

4 3401 206 3506 ἦνιοχρύντι
225 3395 283 3482 δη,
311 3401 359 3500 τῷ
379 3399 454 3484 θεῷ.
506 3397 596 3467 ὅδ’
596 3401 771 3499 Αμτωνῒνος
791 3391 861 3466 εθεε
879 3425 940 3506 προ

5 3517 74 3560 του
98 3509 264 3574 αρματος,
299 3479 490 3561 α’ναπνδίζων
514 3487 556 3559 είς
576 3478 731 3559 τούπίσω,
766 3487 813 3559 εις
832 3505 867 3552 τε
884 3507 941 3558 τον
