2256 4134
239 211 603 303 HISTORIARVM
632 216 678 290 V,
703 234 729 276 ι.
892 218 950 278 ειδ

43 376 189 466 πόλεμον,
217 373 363 482 με’χιστόν
385 401 419 444 τε
433 375 535 456 ὄντα,
561 382 648 445 καῖ’
631 376 694 462 ιμ’
704 374 731 468 ᾧ
754 377 842 446 πάσα
861 377 948 447 ”-Ρω

44 470 146 566 μαίων
173 462 313 532 ἐσάλευεν
341 460 447 566 άρχη,
484 460 706 565 κατελόσαμεν·
763 467 859 530 καῖ’
843 491 876 531 εν
900 467 948 541 οίς

43 548 193 630 άνδρείως
219 543 486 656 παραταξάμενοι,
512 544 597 612 ου’δέν
621 575 653 612 τι
680 543 864 650 ἦττημεθα,
893 551 947 613 καί

43 636 76 698 ἐν
104 632 149 706 οίς
178 633 373 706 σπείσαντες,
408 625 486 730 μετά
512 629 623 709 πολλοῖς
646 628 806 730 δυνάμεως
831 629 944 699 ἐλθόν-

44 743 84 780 τα
109 718 206 798 με’χαν
228 716 362 816 βασιλέα
383 708 492 778 πιστόν
520 710 656 794 φιλον
633 741 692 779 αντ
727 714 847 822 ἐχθροῦ
870 719 944 788 δας-

41 793 149 909 μάχου
169 792 363 896 ἐποιήσαμεν.
389 795 489 898 ἐμοῦ
513 799 545 860 δέ
573 795 775 896 κρατοῦντος,
797 801 830 863 ἐν
856 793 944 881 άδείᾳ

42 905 78 945 τε
96 885 149 946 καί
177 877 328 982 άναιμρντί
353 875 466 951 πάντες
488 876 673 956 βιώσονται·
721 825 945 988 άριστοκρσιτία

42 988 76 1028 τε
111 964 223 1065 μάλλον
261 960 283 1041 ἢ
318 965 456 1064 βασιλεία
495 960 729 1044 νομισθήσεται.
788 966 869 1062 μηδὲ
894 975 984 1040 τιςό

42 1043 240 1123 άπαξιοώτω,
271 1044 293 1124 6
317 1041 419 1147 τόχης
451 1049 590 1147 πταῖσμα
622 1042 839 1128 vomCe'w,‘'
820 1071 869 1111 οτι
905 1044 944 1127 66

37 1127 119 1198 ὄντα
129 1153 175 1231 με
201 1134 235 1194 ἐκ
259 1129 317 1207 τῆς
339 1123 471 1203 ἱππάδος
497 1125 677 1205 τάξεως,
660 1134 711 1194 επί
727 1129 820 1195 τοῦτο
838 1128 942 1214 ἤγαγε.

42 1215 73 1277 τί
99 1210 159 1295 χοῖρ
188 1211 294 1294 ὄφελος
322 1209 488 1312 εὐμενείας,
524 1219 554 1277 ει·
576 1208 621 1314 μό
646 1208 780 1314 χρηστός
805 1215 859 1278 καί
887 1239 942 1316 φι-

39 1291 233 1394 λάνθρωπος
254 1297 387 1362 συνοικεῖ
409 1291 545 1378 τρόπος,·
569 1291 608 1359 τά
634 1299 689 1376 μίν
712 1291 771 1396 χοίρ
798 1297 857 1374 τῆς
883 1293 942 1362 τό·

39 1403 101 1462 χης
128 1378 217 1479 δοῖροι
237 1380 289 1442 καί
315 1375 450 1452 οῖναξίοις
477 1378 666 1481 περιπίπτει·
706 1375 779 1456 666
798 1379 856 1458 τῆς
874 1400 943 1486 χιο-

38 1463 99 1545 χῆς
120 1456 217 1544 ιῖρετη
237 1464 359 1526 ἰιίίανε
342 1457 461 1545 εκάοτῳ
470 1459 579 1570 δόξαν
606 1462 809 1560 περιτίθησιν,
857 1465 942 1546 ευχέ-Ι

37 1568 105 1609 νειιι
132 1547 164 1609 δέ
191 1547 243 1608 καί
270 1545 400 1619 πλοῦτος
426 1546 480 1608 καί
505 1542 565 1610 όσα
591 1543 721 1609 τοιαῦτα
745 1547 956 1632 μακαρίζεται

36 1631 123 1735 μὲν,
143 1623 200 1692 οὐκ
225 1631 392 1692 ἐπαινεῖται
421 1631 471 1702 δέ,
499 1626 543 1701 οῖς
566 1623 642 1726 παρ’
650 1625 760 1693 ιῖλλου
791 1631 939 1694 δοθέντα

36 1712 183 1778 ἐπιείκεια
209 1713 240 1774 δέ
267 1715 320 1776 καί
344 1707 534 1813 χρηστότης,
560 1705 624 1812 άμα
645 1736 688 1794 τῳ
675 1707 940 1813 θαυμάζεσθαι,
991 1785 994 1790 ,

37 1796 92 1858 καί
111 1793 176 1856 ταῖν
194 1795 328 1858 ἐπαίτιον
344 1820 401 1872 την
426 1788 594 1894 ιῖναφοροίν
605 1797 648 1869 εἰς
675 1789 770 1860 αὐτόν
793 1820 863 1858 τινα
879 1794 981 1897 ἔχειὸ
1046 1877 1049 1884 ,
1125 1843 1126 1872 ;

35 1873 90 1942 τόν
107 1876 337 1982 κατορθοῦντα.
379 1879 413 1940 τί
437 1876 511 1960 χοῦν
529 1874 611 1976 τῖμιῖς
632 1874 747 1954 ώνηοεν
771 1906 793 1957 η
785 1874 941 1981 Κομμο

36 1965 92 2024 δοσ
126 1956 259 2061 εόχένεια
269 2008 281 2037 ,
314 1957 335 2038 ἦ
367 1955 555 2026 Ἀντωνίνου
588 1988 609 2040 η
636 1957 767 2070 πατρῴα
794 1958 942 2062 διαδρχῆ;

37 2069 65 2109 οι
58 2045 142 2126 ’μίν
170 2038 248 2124 γάρ,
275 2040 375 2127 ώςπερ
402 2041 524 2126 ὄφλημα
548 2047 748 2144 κληρονομίας
775 2040 940 2127 ειληφότες,

34 2123 236 2228 άποχροῖνταί
269 2150 302 2190 τε
326 2131 381 2190 καί
405 2129 610 2227 ἐνυβρίζουσιν
645 2123 689 2200 ώς
725 2124 850 2192 άνοοθεν
854 2132 941 2227 ἰδίῳ

33 2207 190 2309 κτήματι
231 2215 260 2273 οἰ
284 2213 315 2275 δὲ
323 2235 406 2309 παρ
447 2235 534 2292 υμων
560 2204 724 2309 λαβόντες,
716 2204 894 2356 ,χάριτός
906 2233 942 2274 τε

34 2290 134 2360 άῖδίοο
165 2295 226 2356 εἰσί
255 2292 427 2400 χρεώσται,
464 2296 516 2357 καί
546 2292 712 2374 πειρῶνται
742 2289 954 2392 αμείψασθαι

33 2373 109 2451 τοεῖς
131 2373 316 2458 εόερχεσίαις
335 2372 566 2479 προειληφότας
608 2379 661 2441 καί
679 2375 742 2439 ταῖν
760 2379 815 2457 μὲν
843 2372 940 2441 εόπα
962 2405 979 2463 7

31 2459 149 2543 τριδαῖν
173 2461 342 2559 βασιλειαν
350 2484 385 2524 το
377 2455 519 2560 εὐχενές
537 2463 581 2532 εἰς
583 2457 774 2560 τῖπεροιχίαν
791 2461 940 2536 ἐκπίπτει,
991 2524 995 2536 ς

31 2565 269 2624 καταφρονησει
294 2541 359 2606 τών
383 2538 532 2621 όπηκόων
565 2539 610 2616 οῖς
646 2539 721 2606 πολό
753 2538 939 2608 ἐλαττόνων·

32 2633 60 2691 οἱ
82 2628 151 2692 δί’
133 2651 171 2690 εκ
189 2627 320 2729 μετρίων
338 2622 479 2728 πράξεών
496 2631 538 2701 εἰς
554 2625 647 2690 τοῦτο
661 2620 816 2702 ἐλθόντες,
838 2627 941 2729 περιί-

31 2735 148 2774 πουσιν
172 2704 251 2772 αότό
270 2706 315 2782 ώς
335 2705 464 2812 καμάτῳ
485 2710 611 2788 κτηθέν,
631 2703 706 2774 αἰδώ
725 2733 759 2774 τε
777 2712 830 2774 καί
849 2708 942 2792 τιμήν

28 2789 260 2874 α’πσνέμοοσιν,
285 2788 330 2895 ἢν
349 2789 519 2874 εἰώθεσαν,
554 2793 619 2865 τοῖς
647 2793 723 2857 ποτί
751 2798 940 2895 κρείττοσιν.

27 2879 96 2958 ἐμοί
126 2878 162 2942 δέ
196 2869 329 2951 σκοπός,
359 2875 468 2976 μηδεν
473 2903 504 2940 τι
529 2871 675 2960 πράττειν
699 2875 771 2942 ἄνευ
789 2878 849 2960 τῆς
867 2876 956 2958 άμε-
961 2887 979 2944 8

26 2963 124 3043 τέρας
154 2953 298 3040 χνώμης,
323 2953 488 3032 κοινωνούς
516 2982 549 3024 τε
568 2962 621 3026 καί
644 2957 883 3065 ουμβοόλους”
862 2988 876 3024 ε
895 2982 939 3023 ειν

26 3045 83 3122 τῆς
105 3043 177 3106 τοῖν
196 3036 385 3145 πραγμάτων
403 3038 590 3120 διοικηοεοις.
634 3043 717 3125 ὑμεῖς
742 3043 817 3109 δί’
801 3067 835 3106 εν
854 2987 974 3118 άόεία

25 3131 78 3191 καί
101 3128 268 3224 ἐλευθερίᾳ
294 3121 464 3230 βιώσεσθε,
500 3121 545 3190 ών
577 3124 757 3230 άφηρέθητε
772 3128 845 3223 μίν
877 3120 942 3187 άπδ

26 3209 90 3276 τοῖν
111 3205 313 3310 εὐπατριδιῖν
329 3208 494 3293 βασιλίσιν,
519 3197 691 3276 ιῖποδοιῖναι
711 3202 782 3272 δί’
761 3209 834 3287 υμῖν
856 3208 939 3272 ἐπει-

26 3290 204 3376 ράθησαν,
226 3287 375 3390 πρότερον
393 3295 450 3376 μίν
468 3290 621 3395 Μάρκος,
650 3289 829 3371 ὕστερονδὲ
852 3297 939 3392 Περ-

24 3380 134 3453 τίναξ,
159 3377 192 3449 ἐξ
213 3374 375 3439 ἰδιωτικῶν
394 3372 597 3479 σπαργάνων
600 3379 653 3440 ἐπί
669 3373 761 3435 τοῦτο
783 3368 940 3448 ἐλθόντες

24 3465 133 3544 χένους
165 3453 244 3542 χοῖρ
259 3456 419 3535 ε”νδοξον’
398 3458 500 3546 αρχην
521 3455 617 3526 αὐτόν
636 3456 803 3602 πὲρασχεῖν
823 3463 878 3522 καί
898 3454 943 3552 τοῖ

704 3561 722 3600 ἰ
