2256 4134
112 262 117 270 ·
175 241 235 286 122
472 221 773 284 HERODIANI

172 383 393 492 fnoeva'yorcocn
400 381 496 454 αύτδν
513 385 571 454 τού
588 383 662 454 πνεί
663 413 761 470 ματος
780 394 823 464 εἰς
839 386 900 468 τάν
919 391 1064 494 τιμωρίαν.
1109 447 1110 450 ,

134 493 170 538 12
192 500 277 558 παρα
299 495 447 538 τοοουτον
463 475 519 553 μὲν
539 469 577 551 δὴ
596 475 760 573 Μακρῖνος
786 471 842 538 ούιι
856 477 984 578 ἐξέφυχι
1000 473 1065 550 τούς
1109 463 1110 522 V

171 537 357 633 διάξαιτας,
398 557 474 658 τέλει
505 579 537 620 τε
545 551 720 658 ἐχρήσατο
751 559 890 640 αἰσχρηῖ·
949 557 1066 658 υότερον
1109 567 1110 625 V

171 636 306 738 θελήσας
332 646 375 714 εἰς
404 635 462 717 τάν
485 635 614 740 Ροίμην
636 636 794 715 ἀνελθεῖν,
836 643 953 705 δέατ’
936 667 970 708 εν
994 639 1067 754 άρχῇ

170 717 265 789 τούτο
287 723 429 801 ποιῆσαι
481 719 561 802 α’μοῦ
589 723 670 788 δὲ’
648 747 772 790 επταισε
799 727 852 786 καὶ
888 720 990 808 μνάμη
1019 728 1067 790 καλ

169 803 258 894 τύχη.
295 809 372 872 τέλει
394 808 450 888 μὲν
476 803 515 884 δη
535 803 695 906 τοιούτῳ
689 804 707 870 o‘
726 809 925 910 Μακρίιος’
909 809 1064 918 εχρήσατρ,

169 891 445 970 συναναιρεθελιτος
464 886 550 970 αὐτῷ
567 890 620 952 καλ
637 889 695 955 τοῦ
714 886 840 964 παιδός,
870 889 905 954 δν
924 876 972 971 ἦν
972 888 1067 971 ποιά·
1109 939 1110 944 1

170 975 228 1048 σάς
246 979 410 1056 Καίσαρα,
437 952 698 1052 Διαδάνμενιανάν
711 971 905 1055 καλούμενον.

132 1129 145 1169 ι
251 1107 289 1166 V.
331 1100 417 1169 Επελ
436 1099 504 1170 δέ”
486 1127 502 1167 ο
520 1128 553 1168 τε
569 1129 701 1186 στρατος
725 1104 788 1178 πάς
809 1099 967 1205 μετελθεῖν
993 1129 1067 1206 προς

168 1183 225 1252 τδν
241 1185 445 1261 Ἀντωνῖνον,
481 1190 622 1270 προςεῖπε
639 1189 793 1288 βασιλέα,
816 1182 856 1252 τά
877 1211 909 1252 τε
930 1188 986 1266 τῆς
1002 1187 1067 1287 άρ-
1109 1195 1110 1212 ²

168 1271 242 1372 χῆς
248 1268 430 1346 ὑπεδέξατο,
455 1272 687 1371 διανοηθέντων
707 1267 793 1352 αύτῳ
811 1267 892 1340 κατά
914 1299 972 1349 την
991 1268 1067 1335 άνα-

167 1351 343 1431 ταλάντων
363 1349 561 1456 εἰιειχύντων
569 1348 628 1418 ὑπό
654 1377 687 1418 τε
714 1379 771 1432 της
790 1350 918 1453 μάμμης
938 1357 991 1417 καί
1007 1354 1066 1419 ταῖκ

167 1432 324 1500 συνόντων
341 1441 451 1516 φίλων,
470 1432 634 1514 (αὑτάς
595 1461 654 1518 γαρ
673 1430 712 1514 ἦν
729 1440 794 1510 ιεὀς
813 1460 846 1499 τε
864 1433 923 1514 τήν
940 1435 1065 1513 ηλικίαν,

165 1515 356 1602 πραγμάτων
369 1543 404 1585 τε
420 1546 471 1584 και
464 1519 660 1592 ’παιδείας”
637 1528 796 1618 απειροςὼ
815 1544 851 1584 ου
843 1515 982 1583 πολλοῦ
993 1515 1066 1622 χρύ-

165 1627 221 1668 νου
241 1603 426 1702 διατρίψας,
460 1603 523 1701 εἶχε
543 1607 627 1705 περί
635 1601 754 1679 ἔξοδον,
790 1597 981 1680 σπευδούσης
1007 1599 1068 1683 μά·
1109 1647 1110 1652 1

163 1692 253 1751 λιστα
280 1687 338 1766 τῆς
360 1685 510 1787 Μαισιῖς
517 1691 559 1762 εἰς
587 1683 627 1752 τά
657 1683 779 1764 συνήθη
808 1685 911 1795 ἑαυτῇ
933 1689 1069 1768 βασίλεια
1109 1665 1110 1754 V

122 1790 142 1831 2
164 1765 310 1872 Ριάμης.
337 1795 389 1844 ως
413 1773 445 1834 δὲ
470 1767 510 1856 τιῖ
530 1792 564 1834 τε
580 1765 746 1873 Συχκλήτῳ
766 1771 818 1834 καί
838 1770 884 1852 τῷ
902 1765 1071 1870 Ρωμαίων
1109 1803 1110 1892 χ

164 1848 262 1954 δήμῳ
270 1850 310 1918 τά
335 1839 519 1954 πραχθέντα
539 1855 607 1932 ε’δηλ
610 1851 700 1931 ώθη,
730 1831 905 1953 δυςφύριύς
910 1853 966 1932 μὲν
988 1849 1070 1918 πάν-

164 1960 214 2009 τες
241 1935 397 2015 ἥκουσαν
432 1931 590 2014 ὑπάκουον
619 1932 699 2002 δί’
679 1932 812 2037 ανάχκη,
847 1934 905 1999 τοῦ
934 1937 1071 2020 στρατοῦ
1109 1959 1110 2020 ρ

163 2020 264 2086 ταῦτα
286 2019 445 2107 ἡρημεᾝνου
497 2015 734 2121 κατεχίχυωοκύν
762 2043 795 2084 τε
823 2018 880 2082 τοῦ
899 2024 1070 2120 Μακρίνου
1109 2021 1110 2086 V

122 2089 333 2205 ῥᾳθυμίαν
342 2127 374 2169 τε
394 2107 447 2168 καί
459 2099 586 2204 τρόπων
593 2098 800 2202 χαυνότητα·
840 2098 941 2168 αι’τιύν
961 2127 995 2167 τε
1015 2101 1110 2169 ουίι
1109 2091 1110 2142 V

161 2190 250 2254 άλλον
272 2183 373 2255 ἄλλ’
354 2215 374 2266 η
391 2211 487 2252 αυτον
505 2190 606 2315 ἑαυτφ
593 2186 806 2318 χεχενῆσθαι
826 2184 935 2269 ε’λεχον.

120 2309 141 2366 5
243 2299 334 2370 Οδὲ
352 2298 554 2375 Ἀωιωυινος,
582 2296 705 2382 άπάρας
725 2299 780 2378 τῆς
799 2302 936 2394 Συρίας,
968 2295 1072 2366 ε’λθνίν

161 2409 196 2449 τε
222 2390 266 2461 εἰς
294 2412 353 2464 την
372 2381 581 2484 Νικομήδειαν
608 2385 764 2486 ἐχείμαζε,
805 2382 863 2460 τῆς
898 2378 987 2465 ω’ρας
1014 2411 1071 2450 του
1109 2377 1110 2400 ’

161 2469 248 2544 ι’·ἰοας
272 2465 372 2543 οάτως
393 2463 599 2571 άπαιτούσιχς.
640 2469 758 2540 ευθέως
787 2489 819 2529 τε
841 2463 1071 2570 ἐξεβακχεύιτο,

161 2579 219 2629 την
238 2575 272 2616 τε
289 2549 456 2654 ἱερωσύνην
477 2577 532 2617 τοιι
552 2552 717 2634 ἐπιχωρίου
737 2548 832 2623 θεοῦ,
867 2544 887 2658 ᾖ
907 2552 1071 2632 ἔντε’θρα-

158 2660 234 2710 πτο,
273 2632 502 2739 περιεργότερον
528 2638 586 2710 ε’ξω
562 2637 706 2740 ωρχεῗτο
748 2627 885 2734 σχήμασί
908 2657 945 2697 τε
967 2635 1074 2712 εσθιῖ-

158 2743 212 2793 τος
248 2717 503 2820 πολυτελεστάτης
532 2741 705 2826 χρωμενος,
745 2711 795 2781 διά
833 2738 867 2780 τε
889 2714 1110 2826 πορφύρας

157 2802 277 2904 χρυσοῦ
312 2797 500 2883 ύφάομασι,
537 2803 738 2902 περιδεραίοις
777 2823 810 2863 τε
845 2801 898 2864 καί
931 2808 1110 2882 ψελλίοις

155 2881 377 2985 κοσμούμενος,
411 2891 453 2962 εἰς
479 2887 557 2960 είιλος
582 2888 614 2952 δὲ
640 2881 753 2964 τιάρας
777 2879 931 2988 στεφάνην
949 2886 1074 2951 ε’πικεί-
1109 2855 1110 2938 V

116 2975 137 3034 4
155 2996 245 3056 μενος
255 2995 368 3075 χρυσῳ
388 2996 439 3035 και
432 2972 560 3044 λίθοις
579 2971 718 3046 ποικίλην
737 2969 858 3048 τιμίοις.
899 2995 940 3044 ην
955 2993 993 3032 τε
1008 2965 1071 3033 αύ-

155 3085 199 3142 τῳ
229 3051 264 3120 τά
297 3056 407 3152 σχῆμα
425 3050 538 3153 μεταξύ
560 3053 764 3127 Φοινίσσης“
749 3049 836 3152 ιεράς
866 3051 982 3127 στολῆς
1012 3053 1071 3116 καί

153 3139 256 3246 χλιδῆς
276 3136 433 3218 Μηδικης.
472 3129 657 3238 Ρωμαίκηυ
684 3139 760 3211 δίη
766 3131 971 3234 Ελληνικην
1000 3163 1071 3200 πα-

157 3249 220 3288 σαν
240 3224 361 3300 ε’σθῆτα
383 3214 588 3320 ἐμυσάττετο,
621 3220 705 3300 ε’ριου
727 3210 858 3318 φάσκων
874 3213 1068 3320 εἰργάσθαι,

154 3302 335 3404 πράγματος
359 3300 513 3376 εὐτελοῦς·
551 3327 617 3376 τοις
637 3305 669 3366 δ
688 3296 801 3401 Σῄρων
819 3295 985 3410 ὑφάσμασι
1005 3299 1076 3384 μό-.

151 3412 216 3461 νοις
233 3385 417 3469 ἠρέσκετο.
429 3381 536 3488 προχὶει
555 3407 587 3450 τε
605 3380 667 3450 ύπά
685 3380 787 3457 αὐλοῖς
805 3387 858 3449 καλ
875 3383 1110 3466 τυμπάνοις,

152 3495 196 3550 τῳ
215 3470 282 3552 θειρ
299 3470 396 3551 δηθεν
412 3443 570 3556 ορχιάζων.
654 3533 660 3547 .
840 3507 844 3512 -
902 3523 905 3530 .
1109 3327 1110 3536 V
